4926 6178
741 702 844 770 Acro
868 705 918 772 ET
941 704 1072 771 unsri
1096 705 1139 771 ΙΝ
1162 704 1335 772 sunnin.
1755 703 1798 772 29

488 907 688 1000 denunti,
703 935 722 986 e
739 911 868 1011 quibus
886 913 1257 1013 eligutuertuerius,
1276 911 1504 1012 designantur
1515 911 1579 988 viri
1589 911 1782 988 clarissimi:
1820 1011 1831 1028 .

781 1055 811 1130 Ι.
837 1055 878 1130 Ε.
904 1056 1110 1144 Goudsmit,

781 1175 811 1248 1.
838 1174 879 1249 C.
906 1177 950 1250 G.
976 1177 1106 1265 Evers,

780 1293 821 1368 L.
848 1293 906 1369 W.
932 1296 973 1369 Ε.
1000 1294 1246 1384 Ruuwenhoff,

781 1413 838 1488 W.
864 1415 901 1492 F.
930 1417 972 1491 R.
1000 1416 1175 1516 Suringer.

269 1546 334 1622 Die
380 1551 415 1624 ,8
438 1574 486 1626 m.
512 1551 613 1628 Febr.
665 1555 843 1630 Recitatur
874 1557 1051 1632 decretum
1081 1557 1235 1656 Regium
1266 1555 1300 1631 d.
1326 1557 1359 1632 d.
1384 1557 1431 1632 26
1453 1557 1547 1644 Ion,
1572 1579 1642 1654 quo
1667 1559 1703 1630 in
1726 1580 1786 1630 nn·

437 1694 524 1746 num
562 1673 810 1749 Academicum
845 1677 1022 1752 ineuntem
1061 1679 1186 1752 Rector
1225 1677 1438 1774 Magnificus
1475 1683 1611 1752 creetur
1649 1675 1710 1752 vir.
1741 1676 1784 1751 ol.

438 1790 482 1866 R.
509 1815 574 1865 ven
599 1793 751 1868 Bonevd
774 1795 897 1870 Fnurc.
996 1796 1002 1806 '

486 1911 606 1984 Refert
638 1911 765 1987 Rector
795 1915 1005 2014 Magnificus
1034 1917 1069 1990 in
1098 1923 1269 1994 conventu
1295 1915 1503 1990 Ouretorum
1533 1939 1613 1990 cum
1635 1915 1781 1990 Rectore

434 2029 623 2130 Mngnifico
645 2037 680 2105 et
704 2033 946 2110 Asscssoribus
972 2036 1009 2110 in
1032 2035 1227 2136 proximum
1250 2059 1381 2112 annum
1401 2035 1607 2112 Aotunrium
1626 2043 1780 2110 creatum

432 2173 507 2224 esse
532 2149 643 2228 virum
666 2153 708 2228 cl.
732 2155 761 2228 I.
787 2154 828 2228 E.
857 2154 1061 2228 Goudsmit.

481 2293 614 2368 Futuro
640 2296 778 2371 Rectori
801 2297 989 2396 Magnifice
1006 2299 1206 2372 Assessores
1226 2297 1488 2373 constituuntur
1504 2297 1566 2373 viri
1583 2297 1780 2373 clarissimi:

776 2439 807 2513 Ι.
833 2439 876 2513 Α.
903 2438 1083 2528 Schulten,

775 2559 818 2632 Α.
845 2558 893 2633 Η.
920 2583 985 2632 vnn
1010 2558 1072 2632 der
1095 2560 1193 2632 Boon
1218 2558 1367 2647 Mesch,

775 2677 831 2752 W.
858 2681 902 2752 G.
927 2679 1115 2776 Pluygers,

775 2799 818 2871 A.
845 2799 885 2872 E.
913 2799 1031 2872 Simon
1057 2798 1217 2872 Thomas.

479 2935 605 3009 Rector
628 2935 837 3036 Magnificus
860 2963 940 3012 cum
968 2939 1099 3012 Senatu
1118 2947 1153 3011 ct
1173 2937 1314 3036 reliquis
1333 2935 1585 3012 Professoribns
1606 2938 1642 3012 in
1665 2937 1777 3012 Audi·

431 3054 559 3128 torium
591 3055 703 3129 muius
733 3056 911 3133 descendit
937 3068 972 3132 et
998 3083 1042 3133 ex
1067 3059 1230 3134 cathedra
1257 3056 1445 3132 orationem
1474 3059 1595 3134 hebet:
1632 3060 1688 3132 Dc
1713 3061 1777 3149 iis,

385 3177 393 3196 '
429 3201 517 3275 quae
537 3176 739 3249 Academiae
761 3177 1098 3275 duodeno-Batauus
1119 3203 1206 3250 anno
1228 3179 1468 3254 leon-1865
1489 3181 1605 3253 tristia
1627 3181 1773 3254 ellectu

429 3297 641 3384 acciderunt,
667 3301 702 3368 et
727 3295 838 3372 verbis
861 3297 1072 3372 solemnibus
1094 3299 1338 3398 magistratum
1364 3299 1516 3398 deponit.

480 3415 621 3490 Novum
657 3415 838 3492 Rectorem
872 3419 1097 3519 Magnificum
1130 3419 1341 3494 Professores
1373 3420 1551 3494 deducunt
1585 3427 1620 3494 ct
1653 3419 1778 3493 officio·

431 3535 565 3611 sissime
590 3537 752 3612 salutent.
