4926 6178
667 659 710 724 22
1174 655 1686 726 inflammarent

671 868 762 944 tium
792 891 896 966 agere
925 875 960 941 et
990 866 1042 940 sic
1068 863 1181 940 abana
1215 864 1354 938 turbare
1382 864 1434 940 vel
1454 815 1633 963 impediis.
1684 863 1783 942 Haec
1804 864 1922 939 omnis
1944 866 2087 965 posthac
2109 865 2193 944 locis

670 989 818 1062 discreta
850 995 972 1074 eruut,
1001 995 1036 1060 et
1063 984 1180 1058 licebit
1212 984 1339 1082 cuique
1375 1009 1455 1060 sues
1487 1009 1542 1060 res
1572 984 1646 1058 sine
1671 983 1925 1082 interpellatore
1949 1010 2072 1086 agere,
2097 987 2192 1086 quod

669 1109 839 1206 imprimis
859 1107 1024 1184 studiosis
1045 1105 1322 1180 adolescentibus
1345 1107 1583 1204 gratulamur,
1609 1105 1670 1203 qui
1693 1105 1993 1206 palaeographiam
2020 1108 2192 1186 discentes

669 1237 742 1302 tam
767 1230 916 1302 Graecos
941 1225 1087 1299 Codices
1112 1250 1217 1324 quam
1242 1226 1384 1300 Latinos
1408 1227 1530 1300 sedulo
1557 1235 1701 1300 versant

719 1349 788 1422 Sed
810 1371 1023 1445 quemquam
1047 1346 1131 1420 haec
1151 1345 1268 1420 omnia
1286 1346 1419 1420 animos
1444 1346 1573 1420 laetitia
1594 1344 1827 1444 perfundunt,
1853 1356 1908 1419 est
1932 1353 2048 1421 temmr
2060 1347 2193 1447 aliquid

667 1469 763 1568 quod
797 1467 1044 1541 desideremus.
1095 1467 1207 1564 Larga
1238 1473 1274 1540 et
1306 1465 1457 1565 benigna
1488 1465 1685 1540 consultum
1718 1474 1773 1538 sat
1802 1465 1976 1554 aedificio,
2011 1492 2081 1566 quo
2112 1469 2191 1542 libri

666 1589 907 1674 conducatur,
943 1588 1075 1661 utinam
1106 1586 1235 1684 largius
1261 1595 1297 1660 et
1320 1587 1506 1686 benignius
1531 1588 1731 1664 consulatur
1754 1586 1919 1660 librorum
1944 1587 2098 1686 ipsorum
2124 1613 2189 1672 nu-

667 1734 762 1784 mero
795 1689 1047 1806 amplificando.
1099 1706 1206 1784 Quod
1238 1707 1403 1804 pecuniae
1427 1708 1586 1806 publicae
1608 1709 1653 1782 ad
1678 1707 1783 1781 libros
1808 1706 1972 1780 emendos
1994 1732 2038 1782 ex
2059 1709 2190 1784 aerario

565 1874 569 1882 ι
667 1829 891 1918 attribuitur,
923 1837 994 1902 tam
1025 1827 1193 1926 exiguum
1219 1837 1255 1899 et
1276 1827 1441 1924 pusillum
1465 1836 1519 1901 est
1543 1837 1581 1901 ut
1607 1829 1678 1902 lere
1704 1827 1742 1900 id
1765 1826 1878 1901 dicere
1900 1827 2120 1917 erubescam,
2145 1853 2189 1903 na

665 1951 735 2050 ipsi
774 1949 903 2050 patriae
940 1949 985 2022 sit
1014 1972 1055 2022 es
1088 1972 1143 2022 res
1176 1947 1344 2021 dedecori.
1396 1947 1492 2022 Hinc
1526 1973 1654 2046 magna
1688 1947 1841 2024 nascitur
1876 1947 2063 2036 librorum,
2100 1973 2189 2048 qnos

663 2073 815 2170 quisque
848 2069 893 2144 ad
925 2068 1080 2168 singulas
1109 2092 1191 2142 suae
1220 2067 1419 2165 disciplinae
1446 2075 1560 2165 partes
1582 2069 1722 2165 penitus
1746 2069 2000 2168 cognoscendas
2022 2069 2188 2167 requirit,

518 2279 520 2284 ¹
640 2261 641 2264 ,
665 2191 783 2290 inopia
802 2198 838 2264 et
860 2189 1024 2289 penuria,
1049 2197 1085 2263 et
1109 2195 1283 2287 coguntur
1306 2187 1408 2262 multi
1429 2188 1474 2261 ad
1498 2189 1709 2286 privatorum
1736 2183 1962 2263 bibliothecas
1982 2189 2188 2288 coningere,

665 2321 701 2386 et
722 2312 842 2410 procul
866 2311 903 2383 id
927 2335 1110 2409 quaerere,
1135 2319 1170 2383 et
1195 2333 1296 2407 saepe
1319 2309 1463 2396 frustra,
1489 2310 1583 2406 quod
1605 2309 1821 2386 Bibliotheca
1843 2309 2051 2387 Academica
2073 2335 2187 2409 prom·

666 2442 743 2506 tum
768 2438 804 2504 et
827 2440 986 2529 paratum
1009 2429 1131 2504 offerre
1156 2427 1315 2502 debebat.

712 2552 866 2625 sarcitur
886 2551 984 2624 illum
1010 2549 1291 2637 incommodum,
1320 2555 1490 2648 quantum
1511 2547 1653 2644 quidem
1681 2547 1756 2632 eius
1782 2547 1857 2621 fieri
1880 2557 2012 2647 potest,
2038 2548 2132 2646 larga
2154 2555 2189 2624 et

662 2671 772 2746 effusa
803 2671 1011 2744 Cunctorum
1046 2669 1269 2768 benignitate
1321 2669 1446 2744 Multis
1480 2669 1593 2742 modis
1626 2667 1663 2740 id
1694 2691 1805 2766 nuper
1831 2678 1884 2742 est
1911 2668 2187 2745 demonstratum

663 2817 774 2892 quum
808 2792 1020 2866 (iuratorum
1051 2789 1255 2864 liberalitate
1289 2789 1451 2864 effectum
1479 2798 1552 2877 est,
1585 2797 1624 2862 ut
1645 2789 1736 2863 bona
1758 2775 1923 2863 librorum
1951 2791 2048 2888 copia
2078 2791 2187 2888 a'lly·

662 2913 834 2987 demauno
866 2919 1043 2986 nostrast
1069 2911 1258 2986 Guilielmo
1284 2911 1400 2985 Vrolik
1425 2918 1463 2984 et
1480 2909 1702 2985 Grootholsio
1725 2919 1760 2986 et
1785 2909 1966 2984 Schrantio
1989 2910 2187 2984 relictorum

660 3033 897 3107 Bibliothecae
929 3041 1065 3108 nostrae
1098 3033 1290 3106 adderetur.
1342 3033 1487 3108 Accedit
1518 3032 1572 3110 his
1601 3032 1775 3130 quantivis
1811 3031 1911 3130 pretii
1946 3030 2033 3104 liber
2058 3032 2186 3105 Manu·

662 3154 812 3253 scriptus
844 3151 1007 3252 Hugonis
1041 3153 1153 3229 Grotii
1184 3156 1226 3228 de
1254 3155 1341 3227 Iure
1370 3153 1551 3242 Prucdne,
1589 3153 1688 3228 cuius
1723 3153 1837 3227 adbuc
1871 3177 1980 3226 unum
2012 3161 2117 3251 caput
2145 3154 2187 3228 dc

662 3279 762 3348 Mori
793 3276 898 3349 libero
924 3275 960 3348 in
992 3275 1104 3348 lucem
1135 3281 1227 3347 esset
1257 3273 1400 3349 editum.
1453 3273 1640 3372 Speremus
1672 3273 1779 3373 igitur
1808 3272 1995 3373 aliquando
2027 3273 2119 3360 lore,
2145 3278 2187 3346 ut

660 3395 748 3470 banc
773 3395 981 3472 Cunctorum
1004 3395 1040 3470 in
1063 3419 1100 3470 re
1120 3395 1305 3472 utilissima
1326 3395 1578 3494 benignitatem
1595 3395 1734 3494 publica
1755 3403 1792 3468 at
1817 3393 1977 3492 persenis
1996 3391 2182 3473 liberalitas

652 3523 895 3612 consequatur.

706 3755 869 3828 Muscam
908 3754 1152 3828 Anatcmicum
1189 3777 1285 3851 spem
1319 3753 1401 3828 olim
1434 3753 1477 3826 de
1510 3778 1548 3828 se
1580 3763 1779 3854 conceptam
1808 3777 1877 3828 non
1903 3753 2180 3850 satellitesque

655 3899 769 3949 rerum
796 3875 1077 3950 memorabilium
1108 3875 1302 3972 frequentis
1325 3885 1360 3948 et
1383 3875 1500 3973 eopia,
1531 3899 1646 3972 neque
1669 3875 1832 3950 facultate
1861 3883 1896 3948 et
1923 3874 2180 3973 opportunitate

656 3997 702 4070 ed
736 4021 839 4072 usum
874 4005 909 4069 et
938 3995 1155 4094 disciplinam
1184 3995 1395 4070 anatomicos
1431 3996 1480 4070 rei
1507 3995 1748 4094 colligendam.
1807 3993 1943 4095 Insigni
1969 3995 2179 4070 incremento

656 4124 797 4190 auctum
834 4125 886 4190 est
912 4115 1089 4213 exquisita
1121 4115 1321 4188 collectione
1350 4115 1544 4192 craniorum
1580 4123 1616 4190 et
1645 4117 1798 4215 pelvium
1833 4117 2013 4191 lavanicae
2037 4113 2179 4214 originis

657 4237 748 4310 dono
776 4235 859 4310 deta
890 4261 912 4308 a
943 4235 1024 4308 siris
1053 4234 1261 4310 doctissimis
1288 4234 1448 4334 Suariog
1473 4245 1508 4309 et
1532 4235 1629 4308 Fiers
1656 4235 1843 4336 Smeding,
1870 4238 1964 4336 quod
1987 4259 2117 4312 munus
2137 4259 2179 4309 eo

655 4357 755 4431 uobis
777 4356 912 4453 gratius
933 4356 1080 4445 accidit,
1105 4380 1174 4453 quo
1197 4356 1424 4454 Etbnologica
1448 4355 1759 4456 disciplina-magis
1779 4359 1961 4456 magisque
1983 4356 2175 4436 efflorescit.

703 4475 838 4549 Honori
862 4501 901 4550 ac
923 4475 1018 4549 laudi
1038 4475 1138 4549 nobis
1159 4484 1211 4548 est
1233 4476 1401 4550 iudicium
1423 4477 1621 4575 peritissimi
1644 4476 1766 4552 harum
1790 4503 1905 4552 rerum
1927 4479 2071 4566 iudicia,
2093 4477 2175 4576 qui,

652 4619 761 4696 quum
797 4597 881 4670 satis
915 4605 1053 4670 constet
1084 4597 1216 4695 reliqua
1246 4597 1445 4672 huiusmodi
1479 4597 1635 4676 subsidia
1666 4607 1701 4670 et
1732 4597 1944 4674 adminicula
1980 4599 2175 4672 Medicinae

649 4717 818 4817 practicae
847 4718 888 4788 in
922 4717 1033 4815 patria
1059 4727 1177 4792 nostra
1202 4726 1263 4792 aut
1290 4719 1478 4794 maioribus
1503 4725 1564 4794 sut
1592 4717 1784 4794 minoribus
1808 4720 1898 4794 vitiis
1924 4727 1960 4793 et
1977 4717 2175 4796 defectibus

648 4838 820 4926 laborare,
858 4861 968 4915 uuum
992 4827 1148 4914 omnium
1172 4841 1336 4916 Muscam
1360 4840 1608 4916 Academicum
1636 4840 1805 4918 Leidense
1830 4840 1889 4918 dls
1909 4837 2175 4937 reprehensione
