4870 6184
1182 647 1377 714 sunus
1413 643 1742 713 auerterunt

911 953 1157 1030 FAGUL'I'AS
1183 949 1550 1028 PHILOSOPHIAII
1575 947 1919 1028 ufluouu'rtcau
1943 949 2004 1028 ET

1121 1071 1415 1151 LITERARUM
1438 1069 1808 1150 HUMANIORUM.

694 1357 730 1418 Δ.
750 1347 933 1413 Ruucuus
964 1336 1095 1435 Iesajae
1135 1345 1171 1409 et
1212 1297 1378 1410 leremiae
1429 1335 1604 1407 Vaticim'c
1634 1339 1670 1405 et
1705 1331 1863 1406 Psalmoa
1887 1331 2030 1406 selectos

742 1457 1045 1558 interpretabitur,
1072 1455 1197 1530 ιιιιιιιιιι
1220 1455 1341 1529 Lunae
1366 1463 1401 1530 et
1426 1453 1573 1541 Martie,
1608 1507 2022 1530 ............
2050 1452 2133 1528 here
2147 1452 2223 1544 ΠΧ,

888 1585 923 1652 et
948 1577 1005 1650 die
1031 1577 1194 1654 Mercurii
1205 1623 2026 1664 .......................
2119 1571 2222 1650 lllll.

784 1697 946 1796 Linguae
955 1695 1136 1772 Hebraeae
1148 1695 1408 1796 grammaticam
1422 1693 1578 1781 docebit,
1594 1691 1722 1766 diebus
1734 1691 1877 1782 Lunae
1900 1691 2025 1767 Martis

842 1825 878 1892 et
901 1817 994 1890 Iovis
1002 1871 2030 1904 .............................
2120 1813 2222 1890 VIII.

790 1939 942 2012 Primum
984 1937 1153 2012 Samuelis
1194 1940 1316 2012 libram
1357 1936 1508 2012 cursoria
1556 1932 1704 2010 lectione
1745 1933 1928 2024 tractabit,
1970 1933 2028 2009 die

837 2057 976 2146 Lunae,
1026 2106 2027 2135 ............................
2184 2055 2221 2144 I,

880 2185 915 2250 ct
940 2178 996 2250 die
1022 2178 1114 2252 Iovis
1127 2229 2021 2267 .........................
2136 2174 2220 2252 XII.

787 2298 1029 2397 Antiquitates
1063 2299 1297 2374 Ιιιιιιιιιιιιιιιιι
1334 2295 1540 2400 explicabit,
1505 2296 1705 2372 tdiebus
1730 2297 1871 2385 Lunae,
1900 2296 2032 2372 Martis

828 2418 1075 2508 etMcrourii,

777 2537 1045 2612 Grammaticam
1083 2539 1295 2616 Sausrmtam
1332 2505 1488 2628 docebit,
1531 2539 1588 2614 die
1626 2546 1665 2613 et
1688 2507 1781 2613 horis
1808 2537 2028 2614 auditoribus

827 2659 1028 2735 commodis.

681 2787 707 2847 1
728 2787 768 2850 Η
789 2789 997 2848 STUFFKEN
1018 2780 1183 2878 logicam
1208 2782 1341 2869 madet,
1370 2781 1426 2854 dia
1449 2779 1595 2906 Martis,
1641 2835 2017 2855 ...........
2183 2781 2217 2868 I,

878 2899 1008 2972 diebus
1028 2899 1120 2972 Iouis
1145 2907 1182 2973 et
1208 2899 1372 2989 Veneris,
1424 2955 2021 2976 .................
2153 2898 2217 2974 XI.

781 3018 1057 3116 Metaphysieam
1082 3019 1241 3108 dooehit,
1271 3020 1400 3095 diebus
1422 3020 1555 3094 Martis
1573 3027 1608 3094 et
1632 3019 1824 3110 Mercurii,
1865 3077 2021 3096 .....
2172 3019 2216 3095 Χ.

779 3135 971 3213 Historiam
996 3139 1241 3239 Philosophiae
1266 3140 1473 3240 explicabit,
1500 3139 1626 3215 diebus
1651 3138 1772 3214 Lunae
1796 3147 1832 3214 et
1857 3139 2022 3230 Ιοιιιμ.
2133 3137 2216 3216 XII.

776 3256 1049 3356 Paedapogiu
1093 3268 1261 3359 exponet,
1309 3260 1434 3337 diebus
1468 3269 1505 3334 et
1543 3259 1635 3336 horis
1675 3259 1893 3336 auditoribus
1926 3283 2020 3336 com·

825 3377 951 3451 modis.

675 3505 709 3567 c.
731 3505 768 3567 G.
789 3506 919 3566 οοΒιιἝ
939 3497 1222 3596 interpretabitur
1260 3499 1531 3574 Demosthenem
1563 3507 1599 3574 et
1628 3498 1858 3600 Sophoclem,
1895 3499 2019 3576 diebus

724 3616 867 3705 Lunae,
892 3619 1017 3692 Martis
1044 3629 1079 3693 et
1107 3621 1290 3710 Mercurii,
1337 3678 2018 3698 ...................
2167 3619 2211 3694 Χ.

773 3737 1012 3835 Antiquitates
1055 3743 1230 3816 Romanas
1274 3741 1433 3830 docebit,
1473 3741 1597 3815 diebus
1639 3741 1779 3830 Lunae,
1821 3741 1946 3816 Martis
1983 3749 2020 3816 et

820 3859 1006 3948 Mercurii,
1045 3917 2016 3938 ...........................
2126 3859 2209 3936 XII.

772 3976 862 4052 Cum
897 3980 1000 4077 paulo
1036 3981 1311 4080 provectioribus
1347 3981 1609 4080 Antiquitatum
1642 3983 1878 4058 Romanarum
1913 4007 2017 4058 causa

820 4099 911 4196 leget
934 4101 1093 4174 Tacitum
1120 4110 1155 4175 et
1184 4101 1409 4192 Suetonium,
1435 4101 1562 4176 diebus
1582 4102 1675 4177 Iovis
1699 4111 1735 4178 et
1760 4101 1925 4192 Veneris,
1964 4161 1972 4179 .
2000 4159 2008 4179 .
2123 4100 2206 4176 x11.

774 4216 916 4292 Scholcs
941 4219 1195 4318 Paedagogicas
1223 4222 1368 4297 habebit
1397 4221 1520 4296 diebus
1545 4222 1671 4298 Martis
1695 4233 1732 4297 et
1756 4223 1850 4298 Iovis
1859 4281 2013 4313 .....
2161 4221 2206 4296 ΙΙ.

771 4337 894 4411 Artem
922 4339 1100 4413 metricam
1125 4340 1240 4415 madet
1268 4341 1394 4418 diebus
1419 4341 1570 4418 Venen'e
1589 4351 1624 4419 et
1648 4343 1796 4420 Setumi
1800 4401 2013 4433 .......
2178 4341 2204 4416 Ι.

771 4456 960 4556 Scriptores
995 4459 1144 4534 Graecos
1165 4463 1316 4538 cursoria
1340 4463 1492 4538 lectione
1518 4462 1686 4542 tractabit
1703 4464 1759 4540 die
1782 4464 1907 4540 Martis
1930 4463 2014 4539 hora

818 4580 1029 4676 vespertina,
1076 4635 1632 4662 ................
1653 4623 1658 4633 ·
1660 4639 1998 4663 ..........
2015 4581 2202 4657 VII-IX.

771 4695 877 4769 Initia
897 4698 1187 4800 Palueegraplrias
1211 4703 1363 4778 Graecae
1389 4703 1585 4782 candidatis
1599 4703 1809 4781 Litterarum
1825 4704 2018 4806 explicabit

820 4815 876 4888 dic
903 4818 1043 4893 Saturni
1052 4875 2006 4908 ...........................
2030 4821 2202 4898 III-XI.
