4926 6178
901 675 1181 745 ORATIO.
1764 674 1808 746 2!

280 887 353 962 tica
381 891 417 960 et
449 885 687 961 adunamus
719 909 817 960 meae
847 885 1087 962 testimonium
1113 883 1262 960 erhibeo
1286 883 1367 958 atris
1383 881 1598 985 ,praestaria
1618 880 1807 958 innume

281 1013 392 1082 marte
415 1006 544 1105 ruptis,
568 1014 606 1080 et
628 1005 792 1082 omnibus
816 1006 976 1105 exemplo
999 1005 1245 1106 proponendis,

328 1125 409 1201 rroc
427 1126 537 1226 igitur
560 1151 690 1216 roseo,
719 1127 785 1201 hoc
808 1134 914 1226 opto,
937 1131 977 1201 ut
1002 1128 1187 1226 pnpubres
1206 1125 1252 1202 ad
1273 1124 1443 1201 saniorem
1464 1129 1619 1198 mentem
1642 1120 1806 1212 redeant,

281 1245 336 1321 set
367 1254 410 1322 ut
438 1247 613 1323 momatur
643 1247 696 1322 uir
728 1247 911 1347 egregius,
936 1248 997 1346 qui
1027 1271 1106 1335 ons,
1132 1269 1282 1345 quornm
1305 1245 1343 1318 iu
1363 1267 1471 1320 manu
1495 1251 1549 1318 est
1568 1247 1740 1343 potestas,
1764 1264 1807 1316 eu

280 1367 469 1466 perducet,
501 1373 545 1442 ut
576 1367 678 1442 uobis
709 1367 957 1442 Noaecomium
986 1366 1200 1442 constituent
1230 1366 1287 1440 his
1311 1363 1526 1463 temporibus
1549 1361 1717 1463 dignum,
1744 1359 1808 1462 ubi

280 1495 500 1588 mantes
527 1487 726 1564 morborum
760 1487 974 1563 canaonem
1006 1487 1179 1588 reperiant
1210 1486 1285 1560 sine
1308 1485 1474 1584 gravioris
1496 1483 1581 1560 mali
1601 1481 1807 1582 oonmgiotrt

280 1614 316 1682 et
340 1607 530 1707 periculo..

328 1986 482 2060 'Pandam
517 1983 562 2058 ud
595 2007 655 2058 vos
693 2007 750 2058 me
790 1993 972 2072 converto,
1007 1983 1217 2058 Academiae
1250 1992 1387 2058 nostrae
1418 1982 1561 2058 alumni.
1612 1981 1664 2055 Ex
1697 1987 1809 2056 vestro

279 2129 418 2204 quoque
451 2128 597 2179 numero
631 2103 747 2202 plures
779 2103 902 2179 acerba
929 2111 1021 2177 mors
1047 2102 1202 2178 abstulit.
1253 2104 1432 2178 Defiemus
1461 2102 1640 2178 vobiscum
1664 2101 1808 2176 ornatis·

279 2223 385 2298 simos
430 2223 603 2322 Dykstra,
649 2225 772 2313 Error,
817 2225 862 2299 de
898 2223 1099 2299 Senarclaus
1136 2223 1181 2298 de
1222 2225 1379 2323 Grancy,
1421 2223 1546 2324 Herny
1580 2222 1808 2322 Reepmeker.

280 2345 462 2422 Quantum
508 2343 635 2418 doloris
658 2343 906 2443 ‘concepimus
951 2369 994 2418 ex
1039 2343 1139 2418 obitu
1182 2344 1392 2419 ornatissimi
1437 2346 1540 2420 Esset
1579 2344 1625 2419 ob
1667 2342 1812 2418 eximias

278 2463 386 2538 enimi
415 2464 513 2538 dotes
550 2463 694 2564 perinde
726 2464 890 2539 omnibus
918 2463 1008 2553 cari,
1044 2463 1236 2555 Studiosis,
1269 2463 1548 2552 Professoribus,
1583 2463 1675 2537 notis
1699 2461 1810 2536 omni·

278 2585 365 2658 bus!
408 2585 569 2659 Graviter
599 2585 764 2659 commoti
795 2591 880 2658 sunt
910 2583 1081 2656 omnium«v
1094 2583 1202 2657 animi
1226 2583 1262 2657 iu
1285 2583 1420 2683 ingenti
1442 2585 1540 2658 luctu
1563 2583 1671 2682 patris
1697 2581 1810 2656 filium

280 2727 350 2802 quo
379 2703 466 2777 nibil
497 2709 588 2776 esset
614 2703 665 2776 illi
694 2704 808 2778 carius
838 2703 945 2777 humo
979 2702 1170 2777 condentis.
1220 2703 1297 2776 Nec
1325 2703 1473 2791 mirum,
1498 2725 1650 2800 numque
1672 2708 1746 2774 eret
1772 2701 1810 2774 in

278 2821 338 2895 illo
361 2822 455 2918 quod
478 2821 642 2895 omnibus
663 2823 821 2920 exemplo
843 2821 988 2920 proponi
1010 2829 1137 2919 posset.
1188 2822 1333 2920 Propter
1351 2822 1561 2898 industriam
1583 2845 1683 2896 carus
1705 2821 1808 2894 Prae·

277 2939 494 3040 captoribus,
519 2938 662 3014 amabili
685 2939 855 3014 modestia
879 2941 1122 3039 Praeceptores
1143 2939 1354 3016 redamabat.
1409 2941 1520 3015 Carus
1540 2940 1659 3016 amicis
1678 2941 1810 3040 optime

278 3059 433 3136 omnium
465 3058 636 3134 amicitiae
672 3060 783 3135 officia
814 3059 1023 3159 praestabat.
1074 3059 1174 3134 Pacis
1207 3067 1243 3133 et
1272 3060 1475 3136 concordiae
1499 3067 1638 3150 auctor,
1671 3061 1701 3134 ei
1723 3061 1811 3134 forte
1935 3056 1939 3064 ’

278 3179 417 3255 turbata
441 3186 562 3267 esset,
598 3178 743 3254 comiter
767 3179 805 3253 id
827 3180 974 3280 egebat,
1009 3187 1045 3253 et
1066 3179 1116 3253 nil
1144 3179 1211 3253 sibi
1235 3204 1419 3280 arrogans,
1445 3188 1481 3256 et
1502 3181 1612 3281 perite
1634 3187 1670 3254 et
1694 3179 1810 3254 soller-

276 3307 350 3389 ter,
386 3307 426 3374 ut
455 3323 537 3374 eum
566 3298 707 3399 ingenia
733 3306 770 3374 et
792 3307 965 3375 naturam,
981 3299 1163 3374 hominum
1188 3299 1294 3400 probe
1315 3299 1531 3402 perspectam
1556 3300 1682 3376 habere
1704 3317 1809 3400 appa·

276 3428 376 3495 reret.
428 3419 498 3493 Sed
522 3418 617 3517 quod
641 3420 833 3496 maximum
860 3429 932 3510 est,
966 3429 1040 3496 erat
1061 3421 1098 3496 in
1125 3421 1184 3496 illo
1209 3421 1357 3522 insignis
1379 3448 1461 3522 erge
1488 3427 1648 3521 parentes
1675 3420 1808 3520 pictas;

278 3538 487 3639 agnoscebat
517 3546 688 3638 quantum
720 3541 922 3640 parentibus
945 3541 1105 3630 deberet,
1136 3549 1171 3614 et
1196 3539 1393 3618 enitebatur
1416 3551 1598 3618 uteorum
1623 3541 1806 3616 beneficio·

277 3683 356 3734 rum
381 3665 515 3759 partem
539 3659 727 3759 aliquando
751 3662 958 3761 parentibus
981 3661 1151 3738 redderet.

328 3781 503 3853 Generosa
539 3778 721 3871 iuventus,
757 3781 803 3856 ad
833 3781 899 3857 hoc
926 3780 1029 3856 amici
1056 3781 1243 3855 immaturo
1272 3781 1373 3856 obitu
1403 3781 1495 3881 rapti
1524 3781 1722 3882 exemplum
1746 3805 1805 3856 vos

279 3921 399 3973 omnes
430 3898 636 3997 componite.
689 3901 937 4000 monsagimus
970 3925 1103 3976 annum
1131 3901 1303 4000 insignem
1331 3927 1416 4002 pace
1447 3910 1482 3976 et
1513 3902 1606 3992 otio,
1631 3901 1804 4001 insignem

278 4025 403 4094 mutua
435 4017 527 4092 iuter
559 4019 771 4096 Professores
798 4027 834 4094 et
862 4021 1053 4096 studiosam
1078 4022 1295 4096 iuventutem
1321 4021 1559 4097 benevolentia
1583 4029 1620 4095 et
1643 4021 1804 4111 caritate,

279 4163 411 4214 aunum
446 4138 547 4214 curius
571 4131 664 4216 'olim
690 4142 888 4217 meminisse
911 4141 1055 4220 iuvabit.
1105 4142 1312 4242 componite
1338 4167 1418 4232 vos,
1443 4143 1608 4242 inquam,
1633 4141 1679 4217 ad
1702 4141 1804 4216 amici

280 4258 563 4334 desideratissimi
588 4262 807 4361 exemplum,
839 4270 875 4338 et
900 4262 965 4336 erit
987 4261 1071 4338 haec
1095 4271 1262 4363 perpetua
1286 4263 1450 4354 felicitas,
1476 4269 1512 4337 et
1535 4262 1647 4354 fidelis
1669 4263 1800 4338 animo·

281 4403 360 4454 rum
399 4379 626 4479 conspiratio,
664 4390 700 4457 et
737 4407 873 4484 semper
906 4383 1019 4484 magis
1056 4383 1237 4483 magisque
1274 4383 1535 4460 confirmabitur
1572 4382 1668 4483 quod
1706 4383 1802 4458 vobis

280 4497 476 4598 symbolum
501 4509 572 4576 ost:

818 4624 942 4706 Virtus,
964 4619 1136 4705 modia,
1150 4625 1242 4712 fider.
