4926 6178
876 659 1155 733 onusto.
1738 665 1779 732 1‘1

302 873 533 966 *Gratulamur
564 869 686 960 nobis,
704 869 942 950 ,Nobilissima
976 871 1247 972 Metelerkamp,
1282 872 1400 947 sedem
1437 861 1499 946 diu
1527 895 1671 947 vacuam
1697 897 1717 946 a
1743 879 1778 946 to

258 1019 352 1071 nnnc
381 1017 456 1068 essa
487 999 690 1090 occupatam
726 1013 840 1089 neque
874 1015 962 1089 opus
994 1016 1068 1068 esse
1097 991 1305 1074 arbitramur
1336 991 1560 1067 Academiam
1587 992 1777 1090 Lugdune-

258 1115 425 1190 Batovam
450 1110 515 1188 tibi
536 1109 673 1184 disertis
698 1107 810 1184 verbis
835 1109 1086 1186 commendare.
1137 1109 1228 1184 Satis
1252 1111 1380 1186 scimus
1406 1112 1443 1186 in
1470 1120 1504 1186 ta
1529 1112 1679 1188 eundem
1704 1111 1777 1187 ani·

259 1260 356 1310 mum
386 1233 432 1310 ad
467 1229 660 1306 ornandam
689 1229 778 1304 hano
806 1229 935 1304 almam
959 1231 1142 1306 Musarum
1165 1231 1282 1306 sedem
1306 1257 1381 1307 csse
1406 1232 1585 1322 futurum,
1610 1257 1715 1332 quern
1741 1234 1778 1308 iu

163 1401 164 1406 =
258 1356 398 1455 collegis
431 1353 500 1428 tuis
530 1377 605 1428 esse
634 1349 767 1449 experti
795 1350 968 1425 novimus.
1019 1351 1098 1426 Hoc
1127 1375 1234 1426 unum
1270 1353 1453 1442 addimur,
1478 1362 1597 1451 optare
1619 1379 1682 1430 uos
1706 1353 1779 1428 lore
1864 1357 1866 1360 ’

260 1485 300 1552 ut
331 1483 373 1550 tu
405 1473 538 1548 dlutius
563 1495 669 1570 quam
694 1479 777 1546 tuus
802 1479 1013 1558 antecessor,
1039 1470 1084 1545 ad
1109 1471 1193 1546 alios
1215 1471 1361 1546 honoras
1385 1473 1431 1547 ab
1458 1473 1523 1547 hoc
1550 1474 1677 1550 honora
1699 1499 1778 1550 avo·

259 1603 376 1686 catus,
402 1595 553 1670 officium
575 1591 640 1668 hoc
662 1591 882 1667 Curatorium
905 1591 1053 1666 retineas
1077 1601 1113 1666 et
1137 1616 1248 1669 ornes·

311 1834 495 1908 Doluimus
528 1829 747 1906 Schrantium
780 1839 816 1904 et
849 1829 1000 1906 Bakium
1031 1830 1196 1920 amissos,
1231 1831 1292 1904 sed
1323 1839 1422 1930 grato
1449 1839 1585 1930 pectore
1611 1829 1783 1906 cernimus

262 1962 314 2030 tot
338 1953 422 2028 alios
443 1951 512 2026 vita
532 1958 568 2026 et
590 1949 785 2026 valetudine
809 1950 962 2050 integros
989 1951 1043 2026 sui
1067 1951 1220 2027 muneris
1242 1951 1352 2026 officia
1377 1952 1549 2029 industrie
1565 1961 1781 2051 peragentes.
1810 2005 1817 2018 .

263 2073 419 2149 Gratiore
457 2072 561 2146 etiarn
600 2071 716 2146 auimo
754 2071 924 2148 laetamur
959 2071 1060 2146 nobis
1100 2095 1278 2170 superesse
1318 2072 1529 2147 venerabiles
1563 2096 1680 2158 senes,
1721 2095 1783 2144 van

263 2193 420 2293 Heugel,
458 2191 624 2280 Schrant,
662 2192 773 2289 Pruys
814 2214 877 2266 van
915 2191 975 2266 dar
1012 2191 1175 2280 Hoeven,
1214 2189 1399 2266 delnnotos
1437 2192 1579 2289 quidam
1610 2189 1787 2266 laboribus

265 2314 433 2416 publicis,
459 2291 519 2388 sed
544 2311 683 2386 eosdem
710 2310 830 2386 sedulo
855 2317 891 2384 et
915 2311 1061 2411 impigre
1086 2313 1121 2386 iu
1150 2311 1264 2386 studia
1292 2336 1355 2386 sua
1379 2313 1541 2386 intentos.

311 2413 409 2509 Nou⁸
426 2457 568 2532 possum
599 2455 668 2506 non
693 2441 726 2504 te
749 2441 964 2530 praesentem
991 2433 1217 2531 compellare,
1244 2433 1513 2532 praeclarissima
1537 2455 1601 2506 van
1629 2429 1790 2529 Hengel,

264 2575 367 2652 quem
394 2551 633 2628 lubentissime
655 2573 776 2624 omnes
803 2551 960 2626 videmus
986 2559 1098 2626 aetate
1122 2575 1260 2640 senam,
1294 2554 1355 2627 sed
1380 2553 1506 2626 mentis
1533 2551 1649 2648 vigore
1679 2550 1789 2622 virum

265 2681 301 2750 et
326 2673 432 2748 animi
463 2671 636 2746 amentata
661 2670 832 2745 iuvenem.
883 2670 1028 2742 Utinam
1057 2661 1120 2744 tibi
1146 2672 1243 2744 Deus
1272 2673 1423 2744 eundem
1448 2672 1617 2768 vigorem,
1643 2668 1790 2742 eandem

265 2793 474 2870 alacritatem
508 2789 694 2888 producat,
731 2798 766 2862 et
803 2789 852 2863 sio
882 2789 956 2886 ipse
988 2785 1142 2886 gaudeas
1174 2791 1239 2864 tibi
1275 2799 1423 2866 aemtam
1461 2815 1600 2889 quoque
1627 2791 1791 2888 produci,

265 2912 366 2990 nobis
388 2908 552 2985 omnibus
577 2906 772 2982 iunioribus
796 2907 832 2982 in
858 2906 948 2982 vitae
973 2906 1061 2982 bena
1087 2909 1242 3007 agendae
1267 2909 1476 3010 exemplum.

314 3149 580 3248 Speraveramus
612 3171 692 3220 eum
727 3155 941 3246 praesentem
981 3148 1115 3236 videre,
1146 3151 1208 3247 qui
1231 3175 1324 3226 nuno
1345 3149 1496 3250 primum
1520 3149 1556 3223 in
1581 3175 1700 3225 eorum
1726 3173 1790 3224 nu-

267 3293 361 3347 maro
391 3276 464 3356 est,
495 3267 625 3366 quibus
657 3267 769 3343 officio
798 3265 1007 3342 Academico
1042 3265 1214 3342 defunctis
1247 3268 1327 3344 licet
1361 3267 1397 3342 in
1422 3269 1492 3344 otio
1516 3291 1596 3344 cum
1620 3269 1790 3368 dignitate

267 3390 397 3478 viuere,
422 3387 649 3464 clarissimum
676 3388 782 3465 Oock.

315 3509 540 3586 Gratulcmur
573 3508 728 3596 absenti,
764 3507 857 3606 quod
889 3507 998 3582 onum
1037 3515 1159 3582 nactus
1185 3516 1260 3596 est,
1292 3509 1328 3582 iu
1355 3532 1424 3607 quo
1450 3533 1513 3583 sno
1533 3509 1702 3586 arbitratu
1726 3512 1791 3585 erit

269 3630 488 3730 negotiosus,
514 3655 595 3704 uam
615 3627 777 3729 dignitati
797 3628 860 3702 viri
881 3627 1080 3717 clarissimi,
1107 3653 1195 3727 quae
1221 3653 1356 3727 semper
1380 3629 1529 3705 maxima
1550 3630 1634 3718 luit,
1660 3655 1789 3706 novum

269 3750 546 3827 additamentum
571 3749 731 3826 accedere
755 3773 824 3824 non
850 3755 973 3846 potest.

318 3988 427 4064 Vobis
461 3988 646 4077 omnibus,
678 3989 892 4066 dilectissimi
923 3989 1094 4090 collegae,
1128 3988 1189 4086 qui
1222 3989 1309 4062 mihi
1342 3996 1413 4062 tam
1439 3990 1600 4078 comiter,
1632 4000 1704 4066 tam
1730 3991 1787 4066 be·

272 4109 398 4208 nigne,
432 4117 502 4184 tam
533 4109 721 4208 prudenter
750 4111 786 4184 in
818 4109 968 4210 gerendo
999 4133 1141 4184 munere
1175 4109 1334 4184 Rectorio
1356 4109 1584 4212 subvenistis,
1609 4112 1724 4210 palam
1746 4137 1789 4187 ex

272 4228 395 4306 intimo
416 4235 552 4327 pectora
580 4253 646 4327 ago
671 4229 809 4328 gratias.
860 4229 941 4304 Duo
961 4229 1095 4304 suntin
1118 4237 1229 4304 vestro
1251 4253 1414 4320 numero,
1439 4231 1568 4330 quibus
1590 4231 1791 4333 obtigerunt

271 4347 437 4437 honoras,
462 4373 609 4448 quorum
635 4349 796 4450 splendor
819 4350 855 4426 in
880 4351 992 4450 ipsam
1016 4349 1239 4426 Academiam
1265 4360 1417 4426 nostram
1441 4353 1624 4428 redundat.

321 4467 520 4544 Clarissimo
554 4470 659 4569 Rijke
685 4470 831 4572 obtigit,
864 4479 904 4546 ut
927 4495 1008 4548 curn
1034 4471 1110 4546 Rex
1133 4472 1401 4572 augustissimus
1424 4474 1580 4573 allegarit
1605 4473 1641 4546 iu
1666 4495 1788 4546 nume·

273 4613 348 4664 rum
380 4613 519 4678 eurum,
546 4590 675 4687 quibus
702 4592 1201 4668 consiliariis‘extraordinariis
1223 4599 1387 4669 uteretur.
1439 4593 1530 4668 Satis
1548 4599 1666 4668 tantus
1684 4594 1793 4668 honos

274 4731 352 4784 oum
389 4708 586 4808 insignibus
622 4710 752 4786 ordinis
792 4713 973 4822 Equestris
1006 4711 1041 4786 in
1079 4737 1159 4788 eum
1197 4712 1329 4788 collatis
1368 4712 1537 4804 declarat,
1578 4739 1658 4789 aum
1686 4713 1793 4814 Regis

274 4827 402 4904 iudicio
432 4830 563 4930 optimo
596 4830 641 4905 de
673 4831 782 4931 patria
808 4833 970 4910 meritum
1001 4857 1086 4908 esse.
1137 4834 1189 4910 Eo
1216 4833 1324 4934 pluris
1347 4835 1412 4910 hoc
1437 4834 1602 4925 iacimus,
1628 4835 1792 4935 quoniam

1599 4957 1622 5028 8
