4926 6178
898 672 1174 753 ORATIO·
1757 673 1798 754 te

274 883 423 986 quiaque
445 907 581 986 semper
603 888 779 968 mememo
797 881 855 976 ie,
876 884 971 984 qaeu
994 884 1031 966 iu
1050 883 1193 966 historie
1211 883 1469 983 disciplinarum
1483 879 1660 981 numlibet
1671 878 1798 978 pagina

275 1005 394 1096 timei,
419 1029 483 1090 uec
506 1002 740 1086 tentabundus
762 1012 800 1080 et
825 1005 1041 1088 cedibuudue
1065 1013 1104 1085 st
1123 1031 1166 1090 en
1189 1005 1266 1082 aliis
1291 1013 1396 1103 atque
1418 1003 1495 1081 aliia
1514 1000 1689 1079 erroribus
1713 999 1795 1081 reai-

274 1126 408 1226 pieutee
438 1125 580 1208 annau
612 1124 798 1220 mearco
820 1126 868 1210 ad
893 1150 1011 1208 rerum
1036 1127 1233 1225 pmvanue,
1256 1133 1295 1203 et
1320 1148 1440 1236 eorum
1461 1122 1709 1210 dissensiones,
1735 1119 1796 1217 qui

273 1247 326 1328 od·
350 1271 469 1332 vuum
504 1243 742 1346 quaerendum
772 1246 809 1324 in
834 1246 970 1330 cinaeo
991 1246 1142 1335 abeunt,
1168 1247 1213 1330 ad
1239 1245 1472 1346 reperiendam
1502 1244 1794 1326 venetensem

272 1391 335 1466 per
358 1367 504 1450 valane
528 1365 729 1466 eleanan.

324 1603 396 1686 Vct
433 1629 593 1706 quque,
618 1605 810 1691 -oluisairni
843 1605 1001 1694 uerus,
1043 1605 1133 1688 vate
1169 1613 1209 1686 et
1246 1605 1444 1704 Pynappsl,
1483 1603 1724 1688 lubentissime
1760 1600 1795 1684 u

274 1732 427 1802 nocuum
458 1727 645 1802 amicitiam
676 1725 889 1825 recepimus,
915 1735 951 1799 et
973 1725 1073 1800 uobis
1096 1726 1311 1825 gratulamur
1332 1734 1484 1808 castrum
1504 1725 1540 1800 in
1566 1725 1654 1802 hanc
1679 1723 1795 1802 civita-

273 1856 347 1932 um
380 1849 567 1930 uvantum
599 1854 635 1922 at
667 1847 704 1928 in
742 1847 938 1928 armandis
971 1845 1161 1946 disciplinis
1188 1854 1336 1923 vestram
1361 1845 1559 1925 societatem
1579 1853 1618 1922 et
1639 1866 1796 1924 commu·

274 1968 424 2050 amnem.
474 1970 699 2066 Quamquam
732 1967 824 2049 enim
857 1966 1066 2050 Academiae
1098 1966 1442 2066 Lugdunus-Bataua
1479 1989 1558 2065 pars
1592 1987 1661 2044 non
1695 1963 1798 2050 estis,

273 2087 499 2170 nihilominus
521 2088 617 2170 illam
639 2087 915 2177 institutionem,
941 2087 998 2170 oui
1021 2112 1080 2167 voe
1102 2087 1288 2187 praeessu,
1312 2088 1414 2165 nobis
1435 2109 1561 2165 novum
1585 2085 1797 2164 emolumenv

272 2215 351 2292 lum
382 2215 418 2285 et
448 2217 691 2292 oruamentum
723 2233 799 2292 esee
829 2233 951 2292 omues
982 2209 1219 2307 intelligimus.
1282 2209 1497 2312 Porrigimus
1522 2207 1620 2282 vobis
1642 2206 1797 2286 castren

274 2336 310 2402 et
339 2329 377 2403 in
411 2329 570 2404 intimam
604 2329 872 2404 familiaritatem
906 2355 965 2404 vos
998 2329 1202 2428 recipimus,
1237 2328 1369 2428 optime
1401 2329 1547 2405 scientes
1572 2327 1800 2410 arctissimam

275 2457 400 2524 natura
428 2475 504 2524 esse
531 2450 821 2526 necessitudinem
849 2449 941 2524 inter
968 2475 1088 2526 omnes
1109 2449 1326 2549 disciplinas,
1353 2459 1388 2523 et
1408 2458 1588 2548 propterea
1613 2447 1703 2522 inter
1724 2471 1797 2520 om·

272 2592 353 2656 nea,
374 2569 440 2666 qui
462 2569 541 2647 illas
563 2568 743 2659 enoolunt,
768 2569 915 2649 eandem
938 2569 1229 2648 necessitudinem
1249 2569 1415 2649 interesse
1440 2577 1607 2668 oportere.

322 2689 448 2768 Qualis
470 2689 560 2767 inter
584 2715 644 2771 ros
669 2697 705 2764 et
733 2713 797 2766 nce
820 2699 874 2764 est
898 2701 1040 2766 mutuae
1069 2691 1326 2768 benevolentiae
1350 2691 1491 2788 copula,
1518 2689 1586 2764 tale
1611 2695 1685 2765 esto
1709 2686 1800 2765 inter

272 2807 420 2906 patriam
441 2818 595 2885 nostram
611 2817 648 2886 ct
668 2809 818 2890 colonias
841 2817 978 2886 nostras
997 2809 1255 2886 amoenissimas
1273 2818 1308 2884 et
1328 2809 1586 2887 florentissimas
1610 2808 1796 2892 vinculum.

272 2927 380 3010 Quod
400 2926 496 3008 vohis
513 2927 689 3027 agendum
700 2935 773 3016 est,
788 2928 889 3004 nobis
901 2929 1111 3027 praeclarum
1123 2929 1399 3009 admodumosac
1411 2929 1565 3017 videtur,
1582 2938 1617 3006 et
1629 2929 1798 3029 possse,

273 3048 303 3132 cl
334 3056 486 3146 queulue
522 3055 604 3132 eunt
639 3048 675 3130 iu
708 3047 807 3128 vobis
836 3049 944 3130 animi
970 3047 1171 3148 ingeniique
1201 3049 1322 3138 dotes,
1355 3055 1470 3129 tantm
1494 3059 1606 3126 vestra
1627 3050 1801 3130 institutio

271 3166 358 3252 torst
383 3167 535 3256 leuatus,
574 3168 619 3248 de
642 3175 756 3249 uestra
780 3169 895 3252 schola
919 3169 1091 3268 praeclara
1111 3168 1230 3246 omnia
1249 3177 1344 3248 certa
1367 3195 1428 3269 spe
1450 3179 1647 3270 exspectare
1671 3171 1798 3252 licebit.

321 3528 375 3605 ue
406 3535 575 3628 apparatu
611 3537 649 3608 et
684 3529 898 3628 supellectile
929 3529 1157 3609 institutionis
1192 3529 1421 3608 Academicae
1456 3529 1618 3629 pleraque
1649 3530 1739 3606 loeta
1764 3540 1799 3604 et

271 3646 424 3730 ineunda
460 3649 638 3730 referenda
670 3649 802 3740 habeo,
837 3659 872 3730 et
902 3650 1043 3748 siquis
1079 3650 1169 3726 volet
1195 3659 1410 3748 praesentem
1440 3657 1570 3726 statum
1593 3675 1674 3728 oum
1697 3676 1797 3750 supc-

271 3766 360 3850 tlute
391 3791 611 3866 comparere,
646 3778 816 3866 quantum
848 3793 891 3850 ec
918 3770 1058 3846 nomine
1083 3771 1313 3850 cmauribus
1335 3771 1505 3849 debeatur
1529 3780 1649 3870 gratus
1674 3796 1798 3870 agnos·

272 3893 337 3968 oet.
397 3887 482 3967 Pus
505 3888 598 3968 enim
620 3891 699 3966 novi
718 3891 898 3970 conditum
922 3900 958 3968 ct
978 3891 1241 3970 exaedificatum
1263 3901 1316 3968 est
1334 3892 1387 3968 his
1407 3892 1526 3968 meam
1546 3892 1666 3979 annm,
1691 3917 1796 3989 quam

273 4014 346 4089 teta
379 4007 516 4086 maculo
554 4010 789 4108 praecedente.
840 4013 985 4090 Accedit
1011 4013 1108 4112 ,quod
1137 4038 1227 4088 nova
1249 4013 1406 4089 aedilicia
1431 4013 1480 4089 ita
1506 4019 1732 4090 exstruuntur
1756 4023 1796 4085 ut

271 4128 317 4209 ed
350 4152 433 4210 eum
467 4154 591 4219 usum,
611 4132 683 4212 ‘otri
703 4141 787 4210 suut
812 4133 1004 4223 destinata,
1035 4135 1218 4234 diligenter
1238 4133 1562 4222 accommodentur,
1586 4157 1793 4232 mequomo·

271 4249 462 4328 nestorium
483 4249 520 4324 in
545 4250 776 4343 auditorium,
801 4255 904 4332 aedes
925 4279 1020 4331 eaora
1039 4254 1075 4328 in
1096 4254 1271 4330 theatrum
1292 4253 1544 4343 anatomicam,
1569 4255 1791 4354 orphanotro-

272 4368 393 4466 phium
424 4369 460 4452 iu
495 4373 732 4454 uosooormum
762 4383 953 4474 utcumque
980 4377 1179 4475 refragatur.
1228 4375 1321 4454 Quia
1344 4401 1413 4452 non
1440 4375 1629 4452 delectatur
1655 4375 1790 4462 animo,

211 4532 214 4538 ,
273 4488 334 4568 ubi
364 4497 444 4590 post
481 4490 620 4571 brenam
650 4495 844 4576 absentiam
877 4496 973 4574 urbis
1004 4504 1141 4574 nostrae
1169 4506 1304 4598 postas,
1336 4521 1426 4594 quae
1458 4521 1539 4572 mox
1569 4504 1686 4594 portae
1715 4519 1790 4574 esso

271 4609 448 4700 desinent,
474 4611 670 4712 ingrannus,
697 4617 828 4717 ubique
843 4618 960 4696 omnia
983 4617 1079 4692 urbis
1100 4616 1362 4693 florentissimae
1381 4616 1508 4692 iudicia
1527 4615 1790 4705 animadvertit,

217 4725 219 4730 ’
269 4737 306 4810 et
339 4730 510 4830 fulgentia
536 4743 671 4833 spectat
701 4737 874 4825 aedilicia,
907 4737 1020 4838 qualis
1048 4743 1101 4811 ast
1128 4735 1270 4835 speculo
1298 4736 1539 4814 Astronomioa
1566 4745 1601 4811 at
1628 4761 1717 4836 quae
1744 4737 1789 4811 ad

268 4847 431 4948 eurotas
467 4859 504 4930 et
536 4853 702 4952 Ohymiae
728 4864 769 4932 ot
797 4854 1001 4963 Anatomiae
1030 4877 1132 4932 usum
1160 4864 1241 4932 eunt
1267 4863 1464 4956 comparato
1488 4863 1524 4934 et
1546 4867 1666 4934 ornata
1692 4865 1728 4934 et
1751 4857 1789 4932 in

1571 4975 1624 5051 31
