4926 6178
880 693 1159 764 enarro.
1240 672 1242 676 ’
1420 725 1423 732 «
1745 698 1785 762 21

265 911 352 985 leste
381 935 420 984 eo
446 909 535 982 laeta
561 907 648 993 sint,
682 903 776 1002 quod
803 902 976 1008 videbunt
994 931 1124 980 novum
1146 903 1405 1004 disciplinarum
1432 903 1617 1001 templum,
1643 901 1784 1000 dignam

266 1029 391 1106 studiis
421 1027 638 1104 Academicis
667 1025 802 1112 sedem,
839 1025 984 1100 solemni
1012 1027 1115 1102 modo
1142 1025 1303 1100 dedicari.
1355 1025 1514 1098 Nimium
1541 1023 1603 1096 diu
1631 1022 1788 1099 Minerua

267 1151 383 1226 sedem
417 1175 454 1223 se
485 1147 666 1246 indignam
699 1145 824 1220 habere
860 1157 976 1221 coacta
1000 1147 1086 1235 luit,
1118 1157 1256 1246 tempus
1278 1156 1332 1220 est
1359 1156 1397 1218 ut
1421 1145 1530 1244 ipsius
1556 1142 1729 1241 splendori
1752 1151 1788 1216 et

268 1270 390 1345 honori
412 1269 516 1343 etiam
543 1267 602 1342 illo
629 1265 731 1340 modo
759 1265 881 1340 melius
908 1267 1118 1344 consulatur.
1290 1277 1292 1282 ’

320 1508 529 1583 Iucundiore
549 1507 657 1582 animi
681 1531 785 1580 sensu
806 1507 932 1580 afficior
956 1506 1112 1580 dicturus
1135 1506 1178 1578 de
1202 1507 1268 1580 alia
1291 1505 1467 1580 communi
1490 1504 1671 1576 Musarum
1689 1502 1789 1592 sede,

268 1655 362 1730 quae
395 1629 558 1702 omnibus
596 1628 846 1724 cuiuscumque
880 1627 1079 1724 disciplinae
1112 1626 1303 1700 cultoribus
1337 1649 1414 1699 cara
1439 1633 1511 1711 est,
1539 1623 1791 1700 Bibliothecam

274 1749 351 1824 dico
376 1749 629 1823 Academicum.
1464 1723 1471 1740 ⁵

323 1869 538 1942 Bibliotheca
571 1875 649 1964 post
681 1866 880 1940 translatam
913 1865 980 1939 alio
1010 1865 1279 1964 suppellectilem
1308 1873 1447 1938 omnem
1472 1864 1699 1940 anatomicam
1727 1863 1794 1961 pri·

274 2011 370 2062 mum
405 1986 515 2082 spatio
545 1993 665 2071 aucta,
697 1983 822 2056 deinde
855 1993 926 2058 tam
963 1984 1070 2081 perite
1103 1995 1139 2057 et
1171 1985 1324 2059 sollerter
1356 1985 1400 2059 ad
1427 2009 1527 2058 usum
1552 1991 1690 2082 aptata,
1724 1992 1795 2056 tam

275 2107 396 2181 decore
432 2115 467 2178 et
502 2105 676 2203 eleganter
710 2111 830 2177 ornate
862 2111 936 2190 est,
972 2111 1011 2177 ut
1046 2103 1110 2178 hoo
1143 2104 1354 2204 ipsoanno‚
1384 2129 1473 2202 quae
1500 2111 1592 2177 oerta
1618 2127 1696 2200 spes
1721 2111 1795 2189 est,

276 2225 435 2302 absoluta
468 2231 503 2298 et
529 2233 767 2298 consummata
791 2224 882 2296 inter
906 2223 1063 2297 omnium
1087 2224 1235 2324 optimas
1262 2233 1376 2298 tantae
1402 2224 1640 2323 amplitudinis
1665 2222 1795 2296 Biblio-

277 2347 395 2420 thecae
410 2345 549 2443 optimo
575 2345 649 2419 inre
676 2345 806 2418 censeri
830 2345 948 2452 possit.

307 2467 456 2544 ·Quam'
468 2464 635 2564 gauderet
656 2464 791 2551 animo,
815 2465 844 2537 si
871 2464 997 2537 viveret
1019 2471 1054 2538 et
1080 2465 1163 2538 haee
1187 2464 1336 2552 videret,
1356 2464 1565 2539 clarissimus
1587 2463 1688 2550 Kist,
1719 2463 1799 2560 qui,

280 2611 390 2686 quum
420 2585 507 2658 leste
541 2584 655 2658 libello
689 2585 837 2656 lustrum
873 2583 1080 2658 Academiae
1115 2593 1249 2658 nostrae
1282 2583 1611 2682 quinquagesimum
1637 2583 1800 2681 quintum

281 2705 484 2789 celebraret,
519 2703 674 2800 querelas
707 2727 775 2775 non
809 2702 1000 2790 continuit,
1036 2703 1129 2800 quod
1163 2727 1231 2776 uno
1266 2715 1300 2775 et
1334 2704 1454 2777 eodem
1494 2712 1584 2776 tecto
1615 2715 1651 2775 et
1676 2704 1802 2801 scripta

283 2825 462 2900 hominum
495 2831 529 2894 et
564 2847 642 2894 ossa
666 2822 907 2906 servabantur,
936 2831 971 2892 et
1001 2846 1036 2892 se
1062 2831 1215 2894 metuere
1238 2821 1326 2894 dixit
1351 2847 1403 2894 ne
1420 2822 1606 2920 aliquando
1628 2847 1696 2896 non
1720 2823 1803 2898 satis

281 2947 421 3020 firmum
441 2940 636 3015 aedificium
661 2940 795 3039 ingenti
817 2941 905 3013 rnole
926 2939 1093 3014 librorum
1115 2950 1248 3028 rueret,
1272 2949 1307 3013 et
1328 2941 1407 3014 libri
1426 2942 1583 3030 ossibus,
1606 2969 1684 3018 osse
1708 2944 1803 3017 libris

283 3066 518 3140 miscerentur.
569 3062 708 3134 Bonum
733 3061 863 3135 factum
887 3060 982 3160 qnod
1004 3085 1096 3134 nunc
1118 3061 1175 3134 ille
1198 3070 1313 3134 metus
1337 3062 1371 3134 in
1396 3071 1601 3160 perpetuum
1617 3065 1802 3161 praeteriit.

335 3183 527 3259 Plurimum
555 3181 723 3256 debemus
746 3181 781 3256 iu
805 3207 845 3256 ea
868 3207 903 3254 re
929 3181 999 3254 viro
1019 3181 1253 3256 sollertissimo
1275 3191 1310 3256 et
1331 3183 1497 3282 elegantis
1519 3183 1670 3282 ingenii,
1696 3185 1806 3282 primo

286 3301 572 3390 Bibliotbeeario,
609 3301 670 3400 qui
704 3302 829 3376 comite
856 3301 915 3376 illo
940 3302 1029 3391 viro,
1052 3302 1108 3376 cui
1130 3327 1184 3376 res
1210 3303 1473 3378 architectonica
1502 3329 1604 3378 curae
1630 3316 1665 3379 et
1690 3306 1807 3380 studio

288 3433 359 3514 est,
394 3432 573 3523 peragrata
607 3423 789 3496 Britannia
825 3430 860 3496 et
897 3423 1050 3526 cultioris
1087 3424 1245 3521 Europae
1282 3433 1378 3522 parte
1404 3425 1577 3524 quidquid
1603 3433 1676 3500 erat
1705 3426 1741 3499 in
1766 3452 1808 3502 eo
1885 3473 1888 3482 ·

289 3570 412 3646 genere
446 3543 733 3643 perfectissimum
769 3543 953 3640 spectavit,
978 3543 1150 3617 electurus
1176 3544 1211 3616 id
1238 3545 1332 3642 quod
1355 3555 1490 3620 nostrae
1514 3547 1562 3619 rei
1587 3547 1807 3644 aptissimum

291 3691 364 3741 esse
392 3664 573 3739 videretur.
626 3663 828 3750 Curatores,
856 3665 917 3762 qui
943 3665 1120 3762 negotium
1150 3663 1213 3737 hoo
1238 3665 1305 3737 illis
1333 3665 1522 3753 dederunt,
1548 3692 1610 3741 sua
1635 3693 1712 3766 spes
1740 3693 1807 3742 non

291 3785 420 3860 fefellit.
470 3783 685 3856 Bibliotheca
711 3783 759 3856 ita
782 3783 950 3858 instructa
973 3793 1008 3858 et
1032 3785 1198 3882 disposita
1219 3794 1254 3858 et
1267 3784 1312 3858 ad
1328 3796 1541 3883 praesentem
1559 3813 1661 3862 usum
1676 3815 1808 3864 aenom-

293 3904 452 3990 modata‚
477 3903 588 4000 qualis
613 3903 809 4001 propediem
833 3905 991 3980 absoluta
1013 3905 1170 3979 omnium
1185 3906 1292 3980 oeulis
1306 3906 1452 4003 patebit,
1476 3909 1518 3980 iis
1536 3909 1809 4006 quiBritanniue

292 4023 496 4122 metropolin
533 4023 692 4098 viderunt
724 4025 895 4098 revocabit
929 4026 964 4097 in
1001 4033 1153 4100 mentem
1188 4025 1304 4100 Musei
1334 4028 1525 4100 Britannici
1551 4028 1739 4127 imaginem
1767 4032 1812 4122 (si

294 4145 373 4220 lieet
408 4144 540 4218 minora
569 4169 772 4242 componere
809 4146 977 4243 magnis),
1011 4147 1210 4245 praesertim
1234 4147 1269 4220 in
1294 4145 1467 4244 superiore
1490 4156 1606 4244 parte,
1633 4148 1693 4222 ubi
1716 4149 1811 4224 vide·

294 4265 403 4352 bunt,
430 4264 504 4338 luce
526 4289 586 4362 per
611 4273 742 4340 tentum
764 4266 919 4341 immissa
943 4267 1121 4366 ingentem
1144 4268 1308 4342 librorum
1331 4292 1514 4342 nnmerum
1537 4269 1679 4344 arctiora
1702 4271 1812 4369 spatio

295 4385 344 4460 ita
369 4385 601 4483 dispositum,
641 4395 679 4459 ut
712 4389 756 4462 ad
787 4387 935 4461 habilem
973 4397 1009 4462 at
1039 4388 1240 4486 expeditum
1270 4387 1435 4461 librorum
1473 4413 1574 4462 usum
1607 4389 1693 4462 nihil
1722 4391 1813 4464 desi·
1855 4421 1856 4424 ¹

296 4505 443 4580 deretur.

349 4623 418 4697 Sed
450 4632 532 4698 sunt
560 4625 626 4698 alia
659 4651 817 4724 quoque,
851 4653 939 4725 quae
965 4627 1053 4700 hauc
1081 4626 1246 4700 laetitiam
1271 4639 1432 4725 augeant.
1484 4627 1648 4704 Solebant
1669 4630 1813 4708 antehae

298 4744 359 4842 qui
394 4743 638 4818 bibliothecam
668 4746 856 4843 regebant,
889 4748 950 4845 qui
978 4748 1132 4846 legatum
1161 4747 1423 4822 Warnerianum
1446 4751 1635 4840 curabant,
1660 4753 1721 4850 qui
1748 4753 1814 4827 Oe·

299 4863 394 4938 dices
427 4854 684 4963 Manuscriptos
706 4865 935 4963 inspiciebant
955 4867 990 4942 in
1018 4893 1086 4942 uno
1108 4878 1143 4944 et
1164 4868 1283 4943 eodem
1311 4869 1385 4945 loco
1410 4895 1513 4944 suum
1538 4873 1685 4970 quisque
1711 4896 1814 4971 nego·
