4926 6178
641 657 683 722 10
1150 653 1654 720 Η.ΗΗ«ΒΕΒ.1’8ΜΛ

440 883 452 910 ·
534 879 536 882 ·
638 885 721 937 ram
753 861 934 960 magnesio
969 861 1148 936 certiorem
1187 861 1351 949 efficeret,
1389 859 1585 936 sedetiam
1611 868 1652 937 ut
1681 859 1935 960 physiologicas
1957 803 2166 958 disciplinae

641 983 730 1058 fines
761 1005 802 1055 eo
840 981 1050 1056 adminiculo
1081 988 1306 1081 propagaret,
1338 979 1375 1054 id
1407 980 1502 1078 quod
1534 979 1675 1058 munde
1710 980 1788 1056 libri
1821 980 1868 1056 ab
1900 980 1965 1056 ilio
1997 979 2083 1056 editi
2106 979 2166 1056 de·

641 1109 845 1176 monstrant.
1512 1135 1515 1144 ·

693 1221 735 1293 In
769 1219 824 1294 his
851 1219 1014 1296 omnibus
1045 1220 1133 1294 iilud
1165 1220 1352 1295 maximam
1382 1218 1645 1294 admirationem
1676 1228 1811 1308 moret,
1842 1219 1937 1318 qnod
1961 1219 2165 1296 Schraatins
2196 1311 2202 1320 ἱ

638 1339 678 1413 in
699 1340 767 1414 ittis
790 1339 991 1439 disciplinae
1010 1340 1189 1440 partibus,
1220 1364 1307 1438 quas
1331 1347 1428 1414 tanto
1455 1339 1575 1416 ardore
1599 1339 1752 1429 colebat,
1777 1340 1882 1416 nullis
1908 1363 1996 1416 risus
2017 1348 2070 1416 est
2093 1363 2165 1416 ma·

641 1459 778 1558 gistris,
815 1459 877 1532 sed
914 1460 1016 1558 plane
1052 1459 1120 1534 fuit
1156 1458 1449 1547 westseaxana.
1517 1459 1690 1560 Inspicere
1728 1459 1971 1536 detunctorum
2007 1484 2165 1558 corpora,

640 1579 904 1678 stethoscopum
939 1587 1031 1654 recta
1070 1581 1253 1668 adhibere,
1295 1553 1530 1678 plassimetro,
1569 1581 1793 1680 microsoopio
1832 1581 1981 1655 scienter
2015 1579 2090 1667 nti,
2127 1603 2168 1656 ee

640 1699 760 1772 omnis
783 1699 986 1774 Schruntius
1014 1725 1056 1774 ex
1069 1708 1177 1774 semet
1199 1700 1278 1798 ipso
1300 1699 1422 1773 debuit
1442 1698 1618 1774 addiscere
1640 1709 1677 1775 et
1699 1726 1741 1776 ex
1765 1701 1929 1776 librorum
1950 1699 2167 1798 praescriptis

640 1818 810 1916 colligere.
861 1822 1044 1898 Quantum
1076 1821 1141 1894 hoc
1172 1820 1218 1894 sit
1248 1845 1351 1895 nemo
1382 1821 1480 1894 troile
1504 1847 1546 1894 err
1570 1820 1663 1894 iusto
1688 1821 1919 1896 aestimaverit
1939 1820 1997 1894 cui
2020 1819 2168 1918 contigit

638 1963 683 2013 oa
716 1939 765 2012 sic
797 1939 946 2028 discere,
980 1949 1019 2014 ut
1049 1941 1160 2015 oculis
1185 1941 1258 2015 suis
1286 1966 1327 2016 aa
1353 1941 1470 2016 omnia
1500 1941 1646 2016 scienter
1672 1941 1857 2016 facientem
1882 1949 1917 2016 et
1944 1947 2166 2038 preeerrntem

641 2067 821 2156 spectaret.

692 2177 774 2253 Una
801 2203 855 2253 res
892 2179 1072 2254 Sohrnntio
1107 2180 1225 2255 deesse
1259 2181 1451 2257 videbatur.
1502 2181 1631 2256 Adhuc
1659 2189 1768 2254 artem
1799 2179 1969 2254 medimm
1996 2178 2050 2254 ita.
2071 2203 2165 2254 exer·

641 2307 760 2372 cuerat
792 2309 834 2371 ut
866 2299 957 2373 intra
989 2300 1093 2373 unius
1126 2301 1326 2376 Nosocomii
1357 2301 1515 2401 quamvis
1550 2301 1640 2375 vasti
1662 2302 1751 2375 fines
1773 2300 2027 2386 contineretur,
2054 2322 2166 2396 neque

640 2441 703 2516 per
723 2441 843 2494 omnes
868 2419 995 2494 civium
1022 2419 1162 2494 ordines
1184 2420 1414 2519 cognoscendi
1442 2429 1478 2492 et
1502 2417 1709 2514 observandi
1729 2417 1912 2492 sollertiam
1932 2416 2165 2514 experiretur,

641 2537 702 2609 sed
740 2537 804 2611 hoc
834 2561 975 2636 qnoque
999 2540 1101 2638 {quod
1128 2540 1241 2615 solum
1268 2540 1386 2614 deerat
1412 2540 1588 2638 expiatum
1616 2547 1680 2614 est.
1731 2537 1836 2616 Venit
1857 2537 2074 2636 magdunum
2097 2536 2165 2614 Be·

576 2669 580 2678 “
641 2663 796 2730 tcvornm
822 2658 1044 2748 Schrentius,
1070 2669 1111 2733 nt
1133 2661 1237 2734 etiem
1262 2662 1329 2734 atio
1353 2660 1457 2734 modo
1479 2659 1668 2757 prodesset.
1701 2657 1807 2730 Venit
1830 2680 1957 2755 magna
1979 2661 2166 2754 pmeeunte

639 2774 750 2863 fama,
786 2785 823 2850 ot
853 2777 948 2852 brevi
979 2803 1106 2877 magno
1136 2781 1263 2856 civium
1294 2780 1393 2878 copis
1425 2805 1468 2854 ea
1494 2779 1590 2852 omni
1614 2777 1734 2852 ordine
1757 2801 1852 2874 spem
1878 2801 1918 2850 so
1940 2775 2105 2852 fiduciam
2129 2775 2165 2848 in

638 2895 732 2969 iliius
763 2904 837 2972 arte
871 2897 995 2973 hebuit
1028 2901 1197 2998 positam,
1230 2901 1325 2974 unda
1351 2925 1393 2974 eo
1420 2899 1563 2998 proffioit
1588 2905 1626 2972 nt
1649 2896 1804 2972 medicus
1826 2895 1987 2972 evaderet
2009 2895 2166 2972 omniurn

637 3039 753 3090 rerum
779 3016 1019 3114 peritissimus.
1072 3019 1188 3092 Sensit
1208 3019 1302 3094 illius
1324 3019 1373 3092 rei
1394 3017 1614 3092 incommode
1636 3041 1775 3115 qnoque
1804 3021 1839 3088 et
1870 3013 2057 3090 molestias.
2103 3014 2165 3090 Di·

639 3133 726 3208 dicit
754 3138 1011 3212 accommodare
1049 3163 1124 3214 sese
1161 3148 1196 3213 et
1232 3139 1378 3237 obsequi
1405 3137 1468 3227 iis,
1503 3137 1564 3236 qui
1604 3161 1714 3235 quum
1741 3135 1835 3211 domi
1859 3159 1943 3210 snae
1967 3141 2164 3234 aegrotent,

638 3279 708 3327 non
745 3279 881 3356 sempor
912 3281 987 3332 esso
1017 3259 1148 3333 soleant
1171 3259 1306 3334 medico
1329 3255 1422 3334 dioto
1445 3258 1648 3346 audientes,
1673 3263 1709 3330 et
1732 3255 1819 3329 nihil
1848 3254 1966 3329 minus
1986 3253 2167 3328 imitentur

640 3397 746 3472 quam
764 3376 858 3451 iliam
878 3378 1115 3478 discipinam,
1142 3405 1231 3480 qnae
1251 3381 1287 3454 in
1305 3379 1521 3454 Nosocomiis
1540 3377 1739 3452 morborum
1756 3374 1967 3450 curationem
1990 3373 2167 3471 Quanto

638 3493 825 3570 faciliorem
850 3497 964 3572 reddit
988 3508 1093 3598 atque
1118 3501 1375 3600 expeditiorem.

690 3616 806 3690 Etiam
832 3618 869 3692 in
892 3619 956 3694 hoc
978 3621 1068 3695 vitae
1087 3645 1213 3721 genere
1235 3631 1307 3696 tam
1330 3619 1478 3695 exercito
1499 3627 1535 3692 et
1554 3625 1625 3692 tam
1648 3620 1814 3712 occupato
1833 3611 2035 3686 Schrantins
2051 3633 2163 3686 mrem

640 3734 708 3807 sibi
737 3736 955 3836 disciplinam
987 3741 1098 3816 coiere
1124 3765 1193 3816 non
1225 3741 1369 3816 destitit.
1419 3740 1607 3813 Testantur
1626 3735 1706 3809 iibri
1725 3733 1787 3807 illo
1810 3741 1963 3831 tempore
1990 3730 2037 3806 ab
2060 3755 2101 3804 so
2127 3730 2163 3806 in

641 3853 755 3929 lucem
782 3857 887 3946 editi,
917 3868 1089 3934 testentur
1117 3861 1281 3936 lectiones
1317 3861 1361 3933 de
1390 3857 1605 3958 diagnostioc
1627 3853 1787 3954 physica,
1822 3877 1909 3950 quos
1936 3858 2062 3948 rogatu
2097 3847 2160 3926 viri

640 3973 681 4050 ol.
714 3975 826 4074 Pruys
860 4001 925 4052 ven
956 3979 1019 4053 der
1051 3980 1195 4055 Hoeven
1217 3982 1253 4054 in
1276 3979 1484 4054 Nosoccmio
1507 3975 1717 4052 Academico
1741 3972 1776 4044 in
1801 3969 2035 4044 studiosorum
2060 3992 2163 4044 osam

637 4091 771 4168 habuit
1091 4168 1094 4176 ,

692 4213 816 4311 Itaque
858 4223 957 4290 tante
997 4218 1175 4316 praeditus
1210 4219 1387 4305 doctrina,
1426 4225 1523 4291 tanta
1559 4215 1749 4287 instructus
1786 4207 2017 4307 experientia,
2058 4229 2164 4304 qnam

643 4333 746 4408 multi
772 4335 822 4408 iiii
845 4361 954 4435 paone
980 4337 1186 4428 inviderint,
1218 4349 1254 4414 et
1275 4339 1482 4412 informatas
1506 4343 1560 4408 tot
1580 4331 1833 4430 aegrotantium
1863 4326 2023 4404 exomni
2044 4325 2164 4400 ordine

641 4454 893 4528 consaewdine
912 4465 949 4529 et
971 4483 1038 4532 usn
1063 4459 1266 4532 Schrantius
1289 4457 1490 4532 cathedram
1515 4479 1536 4528 a
1556 4451 1744 4526 clarissimo
1767 4449 1881 4544 Prnys
1904 4471 1971 4532 van,
1989 4445 2053 4520 der
2068 4444 2163 4518 Hoe-
2176 4528 2195 4548 ι

643 4593 706 4644 ven
730 4573 883 4648 saliatem
906 4579 1116 4656 conscendit.
1169 4579 1259 4656 Quia
1284 4576 1466 4650 mirabitur
1491 4595 1609 4646 senem
1633 4567 1861 4643 uenerabilem
1884 4573 2079 4642 ramessem
2101 4587 2164 4640 sno

640 4691 824 4790 gioriatum
857 4699 959 4770 esse?
1004 4699 1120 4772 Datus
1150 4697 1183 4771 ei
1215 4696 1420 4775 Schmntius
1448 4715 1625 4772 srmoessor
1654 4688 1779 4764 studiis
1808 4694 1845 4760 et
1879 4684 2058 4764 laboribm
2089 4682 2164 4760 cies

638 4812 839 4911 impondat
864 4839 1036 4893 coronam.
