4926 6178
675 611 715 674 12
1184 597 1680 673 n.HnLBnRrsnA

670 840 800 890 anuum
838 817 960 890 aetatis
995 837 1100 914 agens
1130 818 1249 908 raptus
1286 815 1352 898 est)
1388 815 1440 879 tot
1470 811 1628 902 exegerat
1661 799 1792 874 labores
1827 807 1862 870 et
1898 807 1968 870 tam
2003 796 2100 870 brevi
2124 796 2185 871 do·

670 935 771 1009 cendi
795 935 968 1032 provincia
993 933 1059 1006 sibi
1082 933 1214 1004 animos
1238 928 1393 1002 omnium
1420 925 1664 1000 conciliaverat.

718 1053 928 1128 Testimonio
949 1077 1023 1125 esse
1047 1055 1191 1147 possunt
1211 1072 1251 1122 ea
1273 1046 1391 1131 verba,
1421 1069 1509 1142 quae
1526 1043 1570 1118 ad
1588 1040 1763 1114 tumulum
1787 1037 1877 1111 lacta
1901 1045 1983 1112 sunt
2001 1037 2186 1112 tenerrimo

666 1173 773 1246 animi
809 1173 934 1246 affectu
970 1171 1013 1243 ab
1052 1193 1111 1256 eo,
1149 1167 1209 1264 qui
1240 1165 1442 1264 primarium
1476 1165 1566 1236 inter
1599 1158 1849 1256 condiscipulos
1884 1158 1996 1232 locum
2032 1157 2182 1232 tenebat.

667 1292 825 1365 Graviter
847 1291 1001 1362 omnium
1028 1288 1134 1361 animi
1154 1285 1316 1359 commoti
1342 1291 1424 1356 sunt
1446 1307 1556 1380 quum
1577 1289 1708 1379 patrem
1734 1303 1871 1364 senem,
1898 1287 2063 1374 patruum
2084 1302 2183 1352 vene·

664 1409 824 1496 rabilem,
858 1410 955 1482 luctu
980 1408 1151 1481 confectos
1172 1405 1208 1478 in
1235 1403 1342 1478 oculis
1364 1403 1531 1476 habentes
1555 1411 1589 1474 et
1614 1401 1790 1498 ingentem
1819 1397 2030 1496 collegarum
2054 1405 2091 1470 et
2114 1398 2182 1471 dis·

662 1530 853 1628 cipulorum
891 1539 926 1601 et
963 1528 1150 1602 amicorum
1191 1548 1369 1609 coronam,
1407 1522 1566 1596 audirent
1599 1543 1718 1593 eorum
1752 1517 1874 1603 verba,
1911 1517 1972 1614 qui
2010 1519 2183 1615 optimum

661 1649 848 1746 collegam,
873 1649 1043 1744 optimum
1066 1655 1339 1743 praeceptorem,
1364 1641 1648 1716 candidissimum
1668 1639 1837 1722 amicum,
1864 1637 1973 1710 virum
1992 1640 2182 1735 peremnia

661 1769 871 1867 praeclarum
894 1767 1057 1840 deflerent
1076 1767 1253 1840 amissum.
1315 1761 1378 1834 Pio
1400 1762 1515 1834 animo
1533 1759 1723 1832 servabitur
1743 1757 1787 1830 ab
1808 1755 1971 1828 omuibus
1993 1757 2087 1830 illius
2111 1783 2181 1832 me·

661 1888 788 1974 moria,
815 1887 875 1984 qui
898 1887 1059 1958 omnibus
1084 1885 1199 1970 utilis,
1227 1880 1388 1955 omnibus
1415 1905 1514 1954 carus
1543 1890 1578 1952 et
1603 1879 1686 1950 vixit
1710 1885 1745 1948 et
1770 1883 1926 1948 mortuus
1953 1885 2015 1950 est.

713 2009 754 2079 ln
788 2006 1029 2080 communione
1056 2005 1144 2078 vitae
1171 2001 1373 2076 Schrantius
1402 2010 1474 2072 erat
1498 2001 1730 2096 perhumanus
1759 2004 1794 2070 et
1821 1996 1866 2070 ad
1891 1995 2099 2095 obsequium
2122 2023 2181 2096 pa·

660 2134 766 2200 ratus.
817 2127 897 2199 Non
928 2137 1000 2199 erat
1036 2124 1137 2198 multi
1168 2121 1355 2206 sermonis,
1387 2129 1422 2194 et
1458 2120 1507 2192 ita
1541 2119 1708 2192 educatus
1742 2125 1780 2189 ut
1814 2116 1849 2190 in
1882 2117 2006 2190 intima
2040 2143 2181 2210 suorum

659 2246 890 2320 familiaritate
914 2246 1024 2344 magis
1049 2269 1154 2342 quarn
1179 2243 1215 2314 in
1244 2241 1425 2314 homiuum
1442 2239 1638 2312 celebritate
1660 2237 1923 2311 delectationem
1947 2237 2055 2310 animi
2077 2263 2181 2336 quae·

656 2376 755 2440 reret.
820 2368 861 2439 ln
903 2364 1135 2450 sermonibus,
1174 2384 1385 2460 quamquam
1427 2369 1466 2431 ut
1507 2359 1692 2456 plurimum
1728 2356 1842 2454 gravis
1876 2366 1949 2430 arat
1983 2367 2017 2431 ct
2052 2359 2181 2448 serius,

657 2493 771 2558 tamen
811 2486 947 2582 saepius
980 2484 1059 2558 salis
1091 2483 1200 2556 iuerat
1228 2481 1359 2578 aliquid
1391 2487 1425 2552 et
1455 2477 1665 2552 facetiarum.
1717 2477 1841 2573 Neque
1867 2477 1990 2550 dubito
2019 2479 2127 2575 quiu,
2152 2480 2182 2553 si

566 2657 569 2664 ,
657 2604 707 2676 illi
737 2603 805 2676 vita
836 2603 970 2701 longior
997 2603 1199 2699 obtigisset,
1225 2601 1383 2672 futurum
1410 2599 1531 2685 luerit,
1559 2607 1598 2670 ut
1620 2599 1665 2672 ad
1691 2596 1854 2668 maiorem
1881 2596 2088 2672 hilaritatem
2109 2600 2180 2672 ani·

657 2747 755 2796 mum
794 2723 1004 2796 relaxaverit.
1063 2723 1184 2798 Quum
1218 2726 1308 2792 esset
1338 2717 1428 2791 curis
1460 2717 1593 2791 solutus
1623 2727 1658 2790 et
1688 2740 1742 2788 res
1773 2715 1950 2789 lamiliaris
1974 2717 2065 2792 lacta
2092 2730 2181 2792 essct

517 2877 525 2888 ·
656 2843 800 2930 lautior,
825 2841 1025 2940 praesertim
1054 2863 1162 2936 quum
1195 2838 1239 2911 ab
1271 2837 1370 2934 aquis
1396 2837 1592 2937 nuperrime
1622 2835 1801 2922 rediisset,
1834 2847 1992 2934 coeperat
2018 2838 2098 2935 plus
2121 2838 2178 2911 de·

653 2958 845 3034 lectationis
878 2983 919 3031 ax
956 2957 1136 3030 hominum
1170 2955 1420 3029 consuetudine
1452 2980 1572 3052 capere
1607 2965 1642 3028 et
1670 2955 1774 3028 vitam
1802 2981 1903 3054 agera
1927 2957 2032 3054 paulo
2058 2958 2179 3032 iucun-

654 3079 795 3152 diorem.
848 3075 916 3148 Sed
947 3076 1044 3150 aliter
1074 3075 1145 3148 fata
1174 3075 1364 3148 voluerunt.
1416 3075 1573 3172 Repente
1609 3077 1645 3149 in
1672 3074 1830 3148 morbum
1858 3077 2047 3175 implicitus
2068 3103 2178 3176 quum

653 3199 728 3273 aliis
764 3197 911 3270 sulutem
949 3221 1030 3270 cum
1065 3219 1146 3269 suae
1183 3193 1303 3268 salutis
1337 3194 1487 3291 periculo
1522 3195 1641 3269 afferre
1673 3195 1882 3284 studuisset,
1920 3197 2006 3270 dum
2033 3198 2178 3272 aliorum

654 3319 758 3392 vitam
794 3324 905 3390 servat
941 3313 1057 3388 amisit
1093 3338 1212 3401 suam,
1244 3321 1279 3387 et
1307 3313 1478 3387 desiderat
1507 3314 1687 3389 hominum
1718 3315 1861 3390 societas
1888 3315 2019 3390 bonum
2044 3318 2175 3406 civem,

655 3437 828 3511 desiderat
863 3433 1051 3508 Academia
1088 3434 1194 3506 decus
1229 3440 1264 3505 et
1291 3433 1520 3531 praesidium,
1555 3435 1752 3508 desiderant
1782 3434 1967 3534 propinqui
1994 3445 2030 3510 et
2059 3439 2177 3512 affines

652 3558 791 3631 delicias
818 3561 959 3628 suaset
987 3561 1239 3626 ornamentum.
1778 3577 1785 3586 ·

702 3675 868 3749 Nondum
901 3672 1019 3745 sedato
1055 3672 1171 3760 luctu,
1209 3697 1311 3770 quem
1341 3698 1383 3746 ex
1415 3672 1586 3776 Schrantii
1608 3673 1707 3748 obitu
1731 3697 1951 3772 ceperamus,
1977 3675 2069 3750 lama
2096 3677 2177 3750 tulit

653 3796 802 3871 Bakium
838 3799 994 3866 nostrum
1029 3792 1177 3890 graviter
1206 3803 1401 3890 aegrotare,
1437 3817 1515 3865 mcx
1549 3794 1660 3891 palam
1689 3793 1819 3868 lactum
1847 3802 1900 3866 est
1925 3793 2078 3868 Bakium
2104 3797 2173 3870 vita

653 3941 728 3992 esse
753 3916 933 4000 lunatum,
968 3923 1002 3984 et
1024 3901 1230 3986 Academiae
1255 3913 1359 3986 decus
1382 3921 1417 3986 et
1440 3922 1679 3986 ornamentum
1704 3914 1737 3986 iu
1762 3913 1880 4010 paucis
1907 3913 2074 3987 eximium
2098 3940 2173 3990 esse

654 4036 830 4111 amissum.
881 4031 1098 4128 Exspectatis
1132 4057 1153 4105 a
1190 4057 1266 4119 me,
1303 4042 1342 4105 ut
1367 4032 1429 4105 viri
1456 4032 1536 4106 clari
1563 4041 1598 4104 et
1620 4031 1783 4106 omnibus
1805 4032 1874 4106 cari
1898 4042 1933 4106 et
1956 4031 2081 4106 delecti
2104 4059 2173 4108 me·

653 4155 797 4228 moriam
831 4175 923 4224 nunc
957 4149 1132 4224 vobiscum
1166 4150 1323 4224 recolam.
1374 4145 1418 4224 In
1450 4176 1519 4248 qua
1549 4176 1585 4224 re
1618 4151 1708 4226 ultro
1740 4151 1848 4226 fateor
1875 4177 1931 4226 me
1958 4151 2175 4228 vehementer

652 4273 736 4372 angi
772 4278 807 4344 et
841 4270 957 4344 animo
988 4269 1215 4357 commoveri,
1251 4295 1377 4369 meque
1416 4271 1538 4344 virium
1571 4295 1748 4359 mearum,
1786 4271 1884 4344 utin
1909 4271 2172 4362 uullaaliare,

652 4391 841 4468 admodum
878 4390 1062 4489 poenitere.
1116 4389 1206 4467 Quis
1238 4389 1329 4462 enim
1365 4399 1439 4478 est,
1475 4391 1535 4487 qui
1570 4391 1759 4466 Iohannem
1785 4389 1936 4464 Bakium
1963 4392 2046 4466 satis
2069 4393 2173 4491 digne

653 4513 823 4589 celebrare
860 4511 986 4609 possit,
1025 4519 1060 4582 et
1096 4509 1238 4583 eximias
1278 4509 1339 4582 viri
1376 4509 1519 4582 virtutes
1553 4519 1588 4583 et
1618 4511 1809 4609 singulares
1841 4511 1972 4610 ingenii
1997 4513 2172 4610 animique

654 4635 752 4708 dotes
787 4632 836 4704 ita
869 4653 1059 4728 exponere,
1092 4637 1132 4703 ut
1162 4628 1258 4702 vobis
1291 4627 1495 4716 satisfaciat,
1523 4639 1562 4702 ut
1587 4630 1772 4706 sabslaciat
1797 4630 1864 4704 sibi
1889 4629 1982 4727 ipsi?
2021 4631 2079 4703 Ad
2104 4631 2170 4704 Bc·

653 4754 750 4829 kium
784 4750 997 4826 laudandum
1020 4748 1109 4847 ¹ipso
1140 4748 1251 4822 Balio
1286 4748 1462 4824 laudatore
1486 4773 1574 4848 opus
1601 4749 1723 4839 luerit,
1748 4749 1860 4824 idest
1886 4749 1957 4822 viro
1977 4757 2049 4824 tam
2071 4756 2172 4824 acuto
