4926 6178
925 682 1204 752 ORATIO.
1791 695 1831 759 11

357 892 396 966 Si
421 891 633 993 quisalius,
672 889 875 966 Scbramim
900 891 1055 966 muneris
1078 891 1279 968 Professorii
1304 894 1442 994 pondus
1464 895 1638 972 sentiebat
1662 904 1698 970 et
1721 899 1832 976 officia

306 1021 457 1092 noverat.
508 1012 731 1112 Intelligebat
764 1011 829 1085 boc
856 1011 925 1086 sibi
955 1012 1136 1111 negotium
1168 1037 1243 1088 asae
1274 1014 1415 1104 ιιιιιιιιι,
1449 1023 1489 1092 nt
1514 1041 1614 1092 susm
1640 1017 1832 1094 doctrinam

305 1133 344 1209 in
366 1134 554 1234 discipulos
576 1131 851 1221 transfunderet,
876 1141 912 1206 ot
933 1132 1046 1232 qualis
1068 1140 1160 1207 assat
1180 1133 1274 1232 ipso,
1302 1135 1386 1210 tales
1404 1135 1482 1212 illos
1504 1161 1643 1236 quoque
1663 1137 1832 1228 efficeret,

305 1255 343 1329 id
375 1262 429 1330 est
460 1254 618 1330 Mediana
654 1261 747 1328 certa
778 1259 815 1326 et
841 1252 1020 1352 explorate
1043 1253 1186 1328 renoba
1207 1254 1368 1330 nitentes.
1417 1255 1514 1332 Hinc
1538 1257 1590 1332 illi
1613 1257 1651 1334 in
1677 1258 1839 1334 docendo

306 1375 358 1448 vis
392 1375 566 1474 quaedam
600 1383 636 1450 et
671 1374 799 1450 fiducia
829 1381 868 1447 et
901 1372 1002 1448 ardor
1037 1381 1139 1448 natus
1172 1381 1245 1464 est,
1277 1374 1359 1449 binc
1389 1376 1559 1474 pabulum
1588 1388 1624 1452 st
1651 1377 1833 1456 delectatio

305 1491 413 1570 animi
437 1496 599 1570 marimo.
941 1587 944 1594 ⁴

353 1615 513 1691 Docendi
554 1615 764 1703 methodus,
801 1637 871 1712 qua
912 1611 1095 1701 utebatur,
1133 1611 1327 1687 imitatione
1364 1620 1455 1688 erat.
1475 1613 1692 1714 dignissima.
1753 1618 1833 1694 Hoc

304 1736 432 1835 agebat
468 1745 509 1812 ut
543 1745 623 1810 ante
655 1735 771 1809 omnia
805 1733 1025 1820 morborum,
1061 1756 1150 1830 quos
1182 1732 1262 1830 quis
1289 1733 1461 1808 urendos
1485 1735 1692 1834 sinciperet‚
1714 1737 1833 1836 imago

305 1855 477 1954 quaedam
510 1853 673 1929 omnibus
705 1853 859 1928 numeris
889 1877 1052 1954 expressa
1078 1861 1195 1926 mente
1218 1852 1442 1941 formaretur,
1473 1863 1663 1952 antequam
1687 1856 1832 1930 adbibe-

304 1983 425 2049 rentur
457 1973 705 2061 medicamina;
740 1973 801 2048 sed
831 1972 984 2048 multum
1018 1973 1137 2047 aberat
1166 1971 1211 2046 ab
1238 1995 1357 2050 eorum
1382 1973 1533 2063 ratione,
1559 1975 1622 2072 qui
1643 1977 1762 2052 omnia
1787 1978 1833 2052 ad

304 2092 454 2168 nihilum
486 2093 638 2168 recidere
670 2093 904 2192 opinarentur.
963 2094 1167 2191 Numquam
1198 2091 1467 2168 obliviscebatur
1496 2093 1579 2168 boni
1608 2096 1733 2170 medici
1758 2121 1832 2172 esse

304 2213 433 2288 mnam
464 2214 698 2288 eisarnam
729 2221 766 2288 et
788 2222 1004 2313 praesentem
1030 2214 1177 2288 scienter
1196 2237 1417 2302 conservare,
1442 2221 1478 2288 et
1500 2214 1663 2290 amissam
1688 2215 1834 2294 scienter

302 2353 479 2423 reumate,
515 2333 589 2422 rel,
624 2343 665 2407 ut
695 2333 784 2408 nibil
808 2333 928 2422 aliud,
954 2333 1076 2408 saltem
1099 2333 1206 2407 knire
1227 2332 1380 2422 dolores,
1404 2341 1441 2408 et
1467 2333 1628 2434 mitigare
1656 2335 1829 2426 laborem,

299 2462 339 2528 et
365 2453 471 2528 etiam
505 2452 595 2541 illio,
629 2453 692 2527 ubi
727 2461 820 2528 certa
856 2454 1012 2528 doctrina
1046 2453 1190 2528 definire
1222 2477 1294 2528 non
1329 2451 1438 2551 possit
1470 2453 1552 2552 quis
1586 2455 1631 2528 sit
1657 2479 1769 2530 nexus
1796 2465 1833 2532 et

300 2573 425 2671 copula
445 2573 537 2647 inter
558 2580 830 2672 symptomatum
851 2582 887 2648 et
907 2573 1237 2648 medicamentorum
1257 2578 1439 2661 naturam,
1464 2597 1567 2672 agere
1589 2573 1743 2671 aliquid,
1771 2575 1831 2650 ubi

303 2692 477 2768 docuisset
499 2693 710 2790 experientia
733 2692 866 2788 aliquid
888 2691 937 2764 ad
962 2693 1214 2790 aegrotantium
1241 2691 1515 2766 emolumenturn
1542 2693 1600 2790 agi
1625 2717 1736 2788 posse.

351 2813 498 2896 Prorsus
530 2813 567 2884 in
602 2811 657 2884 bis
691 2810 855 2884 omnibus
893 2810 1097 2885 Scbmntius
1132 2809 1311 2907 discipulis
1342 2808 1433 2882 viam
1456 2809 1622 2906 praeibat.
1680 2811 1832 2888 Nolebat

300 2929 460 3004 servilem
485 2929 521 3003 in
547 2929 692 3004 modum
715 2927 785 3002 sibi
802 2928 989 3026 imperanti
1010 2927 1242 3026 obtemperari
1264 2927 1300 3002 in
1321 2934 1420 3002 tunm
1442 2927 1575 3027 ingenii
1596 2930 1831 3008 moderatione

299 3058 336 3125 ot
368 3049 547 3126 modestia.
598 3049 729 3124 Contra
764 3048 810 3124 ab
843 3047 1029 3136 omnibus,
1066 3046 1279 3146 quicumque
1308 3055 1442 3136 essent,
1474 3047 1605 3124 discam
1635 3049 1767 3149 aliquid
1794 3063 1830 3128 et

219 3199 225 3232 ι
301 3169 443 3244 meliora
476 3167 629 3268 occipere
662 3169 904 3244 lubentissime
930 3167 1073 3243 solebat.
1123 3168 1214 3242 Nolo
1238 3166 1422 3266 praeterire
1445 3168 1584 3244 silentio
1608 3169 1646 3242 id
1672 3171 1768 3269 quod
1792 3173 1829 3248 in

299 3288 359 3364 illo
394 3287 598 3363 admirabile
632 3297 669 3363 ot
708 3289 794 3364 mibi
827 3289 1054 3364 honorificum
1087 3295 1150 3364 est.
1201 3287 1311 3362 Houd
1342 3287 1391 3362 ita
1420 3287 1532 3364 mrdto
1555 3296 1636 3364 ante
1659 3300 1829 3382 mortem,

299 3431 410 3507 quum
436 3433 473 3483 se
493 3409 601 3484 edam
623 3409 734 3484 valore
760 3409 922 3498 sentiret,
955 3408 1042 3483 mibi
1061 3407 1285 3508 significavit,
1313 3433 1391 3484 esee
1415 3409 1483 3486 sibi
1506 3411 1543 3485 in
1568 3410 1685 3488 auimo
1711 3411 1827 3488 lectio·

297 3551 360 3604 nes
395 3528 439 3602 de
470 3529 687 3630 physiologia
715 3553 810 3606 meas
837 3527 1076 3629 frequentare,
1111 3553 1216 3627 quam
1247 3537 1357 3604 artem
1388 3538 1424 3605 et
1458 3530 1632 3630 quantivis
1662 3531 1765 3629 pretii
1790 3533 1827 3608 in

300 3649 472 3724 medicina
510 3649 731 3749 praedicabat
764 3674 861 3738 esse,
899 3659 935 3724 et
974 3649 1041 3723 sibi
1075 3673 1144 3722 non
1183 3649 1266 3724 satia
1308 3651 1496 3748 spectando
1534 3660 1573 3726 et
1609 3651 1824 3750 experiendo

298 3769 484 3868 cognitam.

348 3891 391 3963 In
421 3889 671 3964 consuetudine
702 3889 954 3989 discipulorum
977 3911 1046 3962 non
1072 3895 1145 3962 erat
1172 3887 1374 3962 &annuos
1397 3889 1616 3966 truculentus
1639 3891 1823 3989 magister,

298 4009 361 4084 sed
390 4009 567 4084 familiaris
595 4010 745 4099 amicus,
770 4017 806 4085 et
827 4010 930 4084 multi
951 4033 993 4084 ex
1019 4009 1061 4082 iis
1082 4009 1219 4108 experti
1243 4007 1492 4106 praedicabunt
1517 4033 1622 4106 quam
1647 4009 1824 4088 fructuosa

299 4129 367 4203 sibi
392 4129 450 4204 ille
479 4130 696 4204 consuetudo
727 4129 841 4206 inerit.
901 4129 1107 4204 Praedioent
1135 4152 1242 4228 qnam
1267 4123 1430 4202 lubenter
1454 4127 1577 4204 soleret
1599 4128 1821 4230 diligentissi-

297 4273 395 4324 mum
417 4273 595 4348 quemque
615 4249 774 4324 comitem
803 4249 870 4325 sibi
891 4237 1140 4348 adiungere'in
1166 4247 1315 4322 dsendis
1338 4249 1472 4348 aegris,
1498 4248 1557 4324 nbi
1583 4248 1718 4348 aliquid
1748 4276 1820 4326 me·

297 4369 461 4444 motabile
495 4393 700 4468 cognoscere
736 4379 888 4470 possent.
939 4370 1031 4444 (lum
1066 4369 1125 4444 illo
1159 4369 1269 4470 magis
1301 4393 1408 4468 quam
1440 4369 1506 4444 srrb
1539 4369 1599 4444 illo
1630 4371 1819 4468 specimina

294 4489 578 4578 conscribebant,
605 4498 640 4564 et
665 4513 766 4590 saepe
789 4492 825 4566 ιιι
848 4491 1009 4566 intimem
1034 4483 1123 4565 vitae
1147 4489 1355 4566 domesticae
1381 4489 1647 4566 familiaritatem
1673 4490 1835 4570 admissi¹

294 4607 509 4706 hospitaliter
531 4609 802 4707 excipiebantur.

342 4723 469 4826 Itaque
501 4728 704 4825 gravissimo
736 4731 835 4805 luctu
865 4729 979 4805 affecti
1010 4737 1094 4804 erint
1124 4728 1161 4802 in
1191 4729 1370 4829 repentina
1394 4740 1504 4806 morte
1525 4729 1690 4829 praeclari
1716 4757 1813 4831 prae·

294 4847 460 4948 ncptoria,
493 4847 555 4947 qui
584 4855 655 4924 tam
684 4847 787 4924 brevi
816 4849 906 4925 ritae
926 4849 1042 4950 spatio
1063 4871 1148 4924 nsua
1171 4857 1268 4944 (nam
1294 4849 1599 4952 quadragesimum
1622 4853 1814 4930 secundum

1619 4971 1672 5046 qs
