4926 6178
646 681 684 743 ld
1158 679 1659 784 raflxnanar’sllx

641 885 838 983 discipulis,
874 885 1008 960 Cobeto
1043 911 1104 982 pro
1143 887 1306 959 omnibus
1344 885 1500 972 dicente,
1539 887 1661 984 quanti
1701 908 1782 960 eum
1820 886 1979 961 fecerent.
2033 887 2170 960 Scilicet

641 1005 798 1078 omnium
831 1015 1027 1078 nascentem
1059 1005 1196 1078 landem
1229 1006 1407 1080 adinverat
1433 1015 1644 1104 auxeratque
1671 1015 1707 1080 et
1732 1007 1768 1078 in
1795 1007 1906 1080 lucem
1932 1010 1971 1081 ac
1991 1006 2169 1080 celebrita-

642 1135 712 1196 tem
736 1127 955 1223 produxerat.
1008 1125 1048 1196 In
1076 1149 1297 1222 quocumque
1320 1127 1431 1199 inerat
1454 1128 1592 1224 egregia
1611 1127 1663 1200 'ad
1688 1126 1806 1200 studia
1828 1127 1978 1214 indoles,
2005 1127 2035 1200 is
2059 1125 2178 1200 Balsio

640 1270 739 1319 carus
779 1257 852 1319 erat
887 1257 922 1318 at
959 1257 1140 1342 acceptum
1178 1271 1238 1342 pro
1277 1271 1318 1318 eo
1352 1245 1570 1333 elaborabat,
1605 1246 1634 1319 si
1663 1247 1748 1344 quid
1775 1245 1998 1334 auctoritate,
2028 1243 2170 1343 siquid

640 1365 750 1461 gratia
776 1365 905 1461 ubique
930 1364 1064 1437 valeret.
1116 1363 1227 1436 Balsio
1253 1365 1463 1463 suffragante
1487 1368 1640 1464 optimus
1665 1367 1813 1463 quisque
1836 1367 1880 1439 ad
1902 1389 2039 1440 summa
2063 1389 2169 1464 quae·

641 1509 709 1581 que
735 1483 997 1581 provehebatur.
1050 1483 1262 1558 Poseebatne
1294 1487 1440 1582 gratiam
1468 1487 1535 1558 sibi
1562 1486 1768 1558 eonomine
1794 1485 1912 1558 haberi
1939 1495 2000 1560 aut
2027 1485 2170 1558 referri?

640 1603 696 1676 Ne
731 1603 952 1700 exspectabat
976 1603 1146 1699 quidem,
1173 1629 1285 1702 neque
1311 1607 1403 1680 enim
1431 1607 1465 1678 in
1494 1630 1534 1678 ea
1559 1631 1596 1678 re
1624 1606 1756 1679 homini
1779 1631 1816 1678 se
1841 1605 2026 1703 gratificari
2052 1605 2168 1678 existi·

640 1723 776 1809 mabat,
813 1725 874 1795 sed
913 1723 1039 1795 studiis
1075 1723 1288 1820 litterisque,
1325 1727 1386 1799 sed
1426 1726 1652 1812 Academiae,
1688 1725 1749 1797 sed
1785 1726 1915 1822 patriae
1946 1750 1983 1798 se
2009 1724 2169 1822 prodesse

642 1843 782 1916 sciebat.
827 1843 991 1916 Addebat
1031 1843 1084 1914 bis
1121 1845 1284 1917 omnibus
1317 1845 1410 1919 illam
1443 1846 1604 1918 eximiam
1641 1855 1677 1917 et
1709 1867 1814 1942 prope
1850 1845 2059 1944 singularem
2096 1845 2170 1917 lau·

641 1963 742 2049 dem,
780 1974 819 2036 nt
844 1989 927 2037 suae
960 1987 1135 2061 quemque
1169 1974 1311 2038 naturae
1339 1967 1470 2040 semina
1501 1967 1600 2062 sequi
1627 1964 1762 2039 iuberet
1796 1973 1849 2052 et,
1876 1972 1916 2038 nt
1945 1965 2018 2064 ipse
2050 1963 2171 2038 crebro

642 2083 852 2180 usurpabat,
891 2109 984 2156 cuum
1023 2107 1198 2181 quemque
1235 2111 1306 2159 ease
1345 2086 1488 2159 volebat.
1541 2086 1620 2158 Non
1659 2085 1716 2158 ille
1751 2085 1944 2157 studiorum
1974 2107 2107 2182 genus,
2134 2083 2170 2155 in

641 2228 711 2300 quo
745 2203 954 2290 excellebat,
993 2213 1054 2276 aut
1079 2206 1311 2302 anteponebat
1333 2207 1429 2291 aliis,
1465 2218 1526 2278 aut
1550 2205 1729 2302 discipulis
1751 2203 2034 2278 commendabat.
2093 2201 2171 2276 Hoc

640 2347 749 2397 unum
786 2323 1037 2422 praecipiebat,
1079 2337 1119 2396 ut
1158 2327 1397 2424 unusquisque
1432 2349 1512 2399 suus
1545 2335 1633 2400 esset
1662 2335 1697 2398 et
1720 2349 1803 2398 suae
1830 2323 1941 2422 ipsius
1967 2323 2109 2396 rationis
2136 2329 2171 2393 et

635 2442 755 2516 iudicii
786 2444 970 2516 momentis
1007 2453 1181 2532 uteretur,
1216 2470 1283 2517 non
1318 2446 1449 2519 alienis.
1501 2445 1573 2522 Qui
1607 2469 1729 2518 novam
1761 2444 1852 2517 viam
1878 2441 2084 2540 reperissent
2110 2448 2172 2513 aut

636 2575 859 2661 quaererent,
899 2587 966 2636 non
1001 2565 1067 2662 ipsi
1105 2565 1172 2637 sibi
1200 2566 1311 2662 magis
1337 2589 1442 2662 quam
1471 2565 1581 2638 Bakio
1605 2565 1797 2662 placebant.
1850 2563 2012 2635 Intentus
2036 2569 2109 2634 erat
2134 2560 2170 2631 in

638 2683 702 2758 hoc
737 2709 865 2771 unum,
902 2693 943 2756 ut
967 2669 1056 2756 utile*
1081 2694 1116 2756 et
1144 2684 1349 2780 frugiferum
1379 2694 1491 2771 esset,
1517 2683 1612 2781 quod
1638 2685 1787 2782 quisque
1813 2683 1970 2756 studium
2000 2681 2067 2754 sibi
2091 2703 2190 2778 prae·

634 2804 776 2876 caeteris
802 2803 1028 2876 excolendum
1054 2803 1258 2900 delegisset.
2117 2896 2120 2901 ι

683 2922 839 2995 Profecto
866 2922 1016 3008 Belius,
1044 2930 1080 2994 et
1106 2922 1324 3020 quicumque
1355 2921 1438 2994 vivit
1462 2923 1572 2996 Bakio
1593 2923 1736 3009 similis,
1762 2921 1960 3020 disciplinas
1978 2919 2170 3017 Biologioes

634 3067 715 3116 cum
750 3041 926 3114 Medicina
959 3041 1107 3139 practica
1145 3041 1180 3114 in
1221 3041 1383 3116 stabilem
1420 3067 1539 3141 pacem
1572 3052 1608 3116 et
1640 3041 1856 3116 concordiam
1887 3039 2099 3114 adduxisset.
2137 3039 2171 3112 O

635 3161 769 3235 felicem
805 3160 1028 3234 Academiam
1065 3171 1237 3249 nostram,
1273 3163 1302 3234 si
1342 3187 1447 3260 qnam
1478 3163 1645 3260 plurimos
1671 3161 1781 3234 Balsio
1808 3159 1936 3233 similes
1959 3158 2171 3234 Professores

635 3280 798 3353 habitura
818 3281 887 3352 estl
930 3279 1044 3353 Etiam
1075 3281 1171 3378 quod
1198 3281 1320 3354 habuit
1344 3285 1451 3355 unum
1479 3281 1630 3355 Bakium
1659 3281 1793 3354 felicem
1818 3303 1893 3353 esse
1919 3277 2169 3377 praedicamus.

636 3398 727 3473 Nam
767 3399 940 3498 quidquid
978 3400 1013 3471 in
1053 3399 1165 3474 Bakio
1203 3401 1415 3488 amavimus,
1451 3401 1626 3499 quidquid
1661 3402 1775 3476 mirati
1812 3425 1953 3487 snmus,
1989 3407 2107 3473 manet
2135 3405 2172 3471 et

497 3599 504 3611 ,
638 3544 841 3592 mansurum
867 3519 976 3591 estin
999 3519 1124 3593 animis
1150 3521 1296 3608 nostris,
1331 3530 1367 3593 et
1388 3521 1489 3594 Bakii
1510 3521 1631 3596 laudes
1649 3545 1753 3595 nemo
1778 3519 1903 3594 melius
1924 3543 2030 3618 qnam
2051 3539 2169 3593 nemu·

639 3640 766 3714 latione
791 3639 978 3714 decorabit.

1260 3859 1549 3870 ——————

691 3999 895 4084 Curatores,
930 3997 993 4069 viri
1029 3997 1255 4096 amplissimi,
1292 3999 1407 4073 fuistis
1438 3999 1604 4073 feliciores
1634 4021 1740 4097 quam
1767 4023 1850 4086 nos,
1875 3995 1970 4096 qnod
1996 3995 2170 4070 neminem

643 4143 686 4192 ex
723 4127 834 4191 vestro
869 4141 1013 4190 numero
1049 4123 1224 4192 mortuum
1261 4118 1473 4192 desideratis.
1534 4119 1739 4193 Gandemus
1774 4117 1926 4192 multum
1960 4141 2020 4190 vos
2055 4114 2171 4189 studio

642 4235 816 4310 indefesso
845 4259 885 4309 ea
921 4236 1037 4310 omnia
1075 4261 1194 4334 agere,
1231 4261 1320 4334 qnae
1353 4238 1561 4312 Academiae
1590 4247 1727 4313 nostrae
1761 4239 1815 4312 vel
1848 4235 1969 4311 honori
2002 4244 2086 4310 sunt
2117 4233 2173 4308 vel

646 4356 891 4430 emolumento.
943 4355 1146 4430 Gaudemns
1178 4367 1235 4444 te,
1270 4357 1496 4433 Nobilissime
1515 4361 1645 4434 Gevers
1670 4383 1734 4433 ven
1761 4357 1979 4456 Endegeest,
2004 4379 2048 4430 ex
2074 4353 2172 4453 gravi

645 4475 766 4550 morbo
797 4475 1018 4563 restitutum,
1050 4476 1216 4575 impigre,
1250 4492 1289 4550 ut
1317 4476 1423 4564 soles,
1449 4479 1519 4551 tuis
1549 4478 1751 4552 muneribus
1775 4477 1886 4576 fnngi.
1937 4477 2006 4562 lle,
2030 4473 2171 4572 amplis·

648 4597 734 4669 sime
762 4593 998 4694 Siegenbeek,
1022 4596 1216 4693 gandemus
1237 4595 1282 4669 ab
1304 4595 1552 4694 augustissimo
1572 4599 1669 4695 Rege
1689 4605 1906 4696 prorogatam
1931 4595 2058 4669 babere
2074 4593 2171 4668 illam

647 4723 874 4815 potestatem,
906 4725 1046 4812 propter
1075 4739 1181 4812 qnam
1206 4726 1241 4789 et
1266 4715 1385 4790 civitas
1412 4715 1496 4792 haec
1525 4727 1560 4792 te
1590 4719 1736 4792 Rectore
1759 4725 1796 4790 et
1816 4716 1900 4792 haec
1924 4711 2115 4789 Academia
2135 4720 2171 4786 te

648 4835 814 4908 Garatom
838 4833 1014 4932 gloriatur.
1085 4857 1099 4893 -·
