4926 6178
674 646 715 712 18
1189 637 1694 710 mutuantem
1798 695 1802 705 .

670 852 728 926 ille
759 850 867 925 simul
895 851 939 925 dc
970 859 1043 925 tcta
1073 848 1185 948 petria
1213 846 1344 946 optimu
1370 853 1545 934 meretur,
1575 843 1682 920 aad
1706 842 1819 920 officio
1839 843 2051 918 rorasse
2073 846 2203 944 optime

671 972 839 1070 lungitum
901 971 1047 1046 Constet
1081 970 1175 1044 enim
1201 968 1458 1055 interorina,
1482 966 1655 1041 illosessa
1675 964 1770 1038 illius
1792 962 2024 1040 inttibrtionis
2046 965 2202 1055 iromus.

672 1097 711 1167 ut
743 1093 802 1166 illo
832 1092 972 1166 doctore
993 1090 1181 1165 Academia
1205 1089 1381 1188 glorietur.
1432 1086 1577 1162 Utinam
1601 1086 1676 1160 ciro
1693 1084 1883 1160 clariuinro
1904 1093 2093 1185 suppetent
2111 1087 2201 1163 vele·

671 1212 758 1286 tardo
782 1219 819 1286 et
843 1213 930 1285 vires
942 1261 952 1297 ,
979 1218 1022 1284 ut
1044 1210 1106 1284 diu
1132 1219 1255 1308 pergat
1278 1231 1353 1282 esre
1377 1207 1590 1282 uadentes
1612 1203 1722 1281 ᾶεοιιιι
1744 1213 1780 1280 et
1804 1215 2062 1283 oromatum„

720 1331 816 1418 ulei,
849 1330 1048 1406 Olerissime
1075 1331 1208 1420 Oobat,
1233 1329 1417 1428 singularis
1438 1327 1584 1428 contigit
1606 1327 1724 1402 bonor.
1750 1326 1966 1402 Universos
1990 1327 2083 1402 euim
2110 1328 2202 1404 oan-

670 1451 888 1550 tabrigienais
930 1451 1082 1550 diploma
1120 1451 1185 1525 tibi
1223 1449 1373 1525 decrevit
1406 1448 1600 1536 doctorale,
1639 1448 1736 1546 quod
1772 1469 1844 1522 uua
1878 1455 1993 1522 meum
2026 1448 2202 1548 accepturi

671 1581 769 1644 erant
795 1571 960 1670 Princeps
987 1570 1236 1660 Cambriacus,
1259 1568 1478 1646 Nebiliesirni
1501 1570 1719 1644 Palmereton
1745 1574 1781 1642 et
1803 1569 1943 1643 Bulwer
1965 1567 2105 1668 Lytton.
2144 1570 2200 1644 ue

670 1716 770 1780 vcro,
805 1717 886 1764 aum
921 1692 1010 1766 bene
1044 1691 1168 1766 vixisse
1201 1692 1262 1790 qui
1283 1692 1371 1766 bene
1395 1691 1534 1766 latuerit
1556 1699 1672 1778 ratus,
1702 1687 1964 1788 cantabrigiam
1985 1697 2020 1762 te
2043 1688 2196 1764 conferre

668 1811 789 1908 ibique
809 1812 846 1885 in
873 1828 999 1910 magua
1022 1811 1206 1908 murinum
1229 1812 1428 1887 celebritate
1450 1811 1556 1884 victor
1580 1811 1734 1885 coronari
1754 1809 1930 1886 munti.
1980 1807 2066 1883 Not
2080 1817 2197 1884 omen

645 1930 806 2004 .crederc
838 1941 1018 2030 propterea
1050 1933 1168 2006 miuus
1197 1937 1330 2032 gratam
1362 1941 1396 2005 et
1429 1931 1649 2007 honorificem
1680 1929 1782 2004 nobie
1804 1953 1879 2004 cese
1902 1929 1994 2004 banc
2016 1928 2197 2028 dignitatis

669 2051 908 2148 accessionem.
960 2051 1072 2125 Sicuti
1100 2053 1191 2151 legio
1224 2061 1299 2127 tota
1322 2052 1489 2152 gloriatur
1516 2073 1639 2126 corona
1661 2073 1683 2126 a
1708 2050 1895 2151 legionario
1916 2057 2034 2148 putta,
2059 2049 2110 2123 eie
2133 2071 2196 2123 uos

669 2171 837 2244 eximium·
872 2172 964 2246 hunc
1000 2173 1186 2262 honorem,
1225 2173 1355 2247 maritis
1392 2171 1463 2248 tuis
1501 2173 1680 2261 debitum,
1717 2171 1786 2271 ipsi
1812 2169 2037 2245 Univereittti
2058 2178 2195 2246 noma

670 2315 871 2364 concessum
896 2315 971 2365 esee
997 2291 1168 2367 ducimus.

714 2531 814 2604 laeti
847 2555 927 2620 vos,
963 2532 1044 2612 novi
1075 2533 1247 2632 collegae,
1280 2534 1460 2609 clarissimi
1483 2535 1580 2632 Buys
1606 2541 1642 2606 ot
1668 2533 1794 2619 Erere,
1828 2531 1866 2604 in
1889 2537 2046 2604 nocuum
2073 2549 2195 2605 nume

666 2667 743 2724 rum
778 2651 982 2749 recepimus.
1033 2653 1179 2726 Dudum
1212 2662 1247 2728 te
1281 2655 1463 2742 novimus,
1497 2650 1685 2727 clarissime
1719 2653 1835 2750 Rupe,
1868 2651 1931 2748 qui
1957 2651 2024 2725 alic
2051 2668 2196 2726 munere

665 2772 701 2844 in
742 2772 807 2845 hac
844 2771 981 2844 civitate
1016 2770 1166 2869 fungens
1203 2773 1393 2848 multorum
1427 2774 1493 2850 tibi
1526 2791 1679 2846 umorem
1715 2779 1751 2845 et
1782 2771 1960 2846 caucam
1993 2767 2195 2846 mediant

667 2893 788 2967 Quum
827 2915 848 2962 a
889 2887 991 2962 nobis
1025 2888 1219 2965 discederes
1253 2893 1381 2968 mutos
1408 2911 1479 2966 non
1509 2889 1666 2990 fugiebat
1701 2891 1840 2964 brevem
1874 2887 1972 2966 illum
2002 2891 2194 2966 discessum

667 3009 848 3096 futurum,
882 3018 917 3080 et
940 3009 1146 3097 recordaris,
1173 3019 1226 3084 set
1252 3011 1343 3099 scio,
1368 3036 1424 3086 me
1446 3035 1585 3110 quoquc
1609 3012 1645 3084 in
1672 3009 1740 3084 illis
1761 3008 1887 3097 labec,
1914 3009 1975 3107 qui
2002 3011 2196 3090 absentiam

667 3140 765 3203 tuem
791 3154 812 3202 a
836 3127 937 3201 cobis
967 3153 1036 3203 non
1062 3127 1134 3202 lere
1158 3130 1297 3231 leugam
1322 3142 1584 3231 augurarentur.
2041 3191 2048 3202 .

715 3249 1010 3348 Recuperavimus
1047 3257 1082 3322 te
1114 3261 1149 3324 et
1182 3253 1232 3326 ita
1271 3253 1483 3352 recepimus,
1522 3263 1562 3326 ut
1595 3273 1715 3328 omnes
1745 3250 1978 3350 intelligerent
2012 3251 2194 3349 quantita

665 3368 866 3443 leceramus.
928 3369 1154 3467 Compertum
1189 3379 1242 3444 est
1278 3372 1440 3447 omnibus
1473 3373 1525 3445 vel
1554 3397 1597 3446 ex
1630 3371 1801 3470 praeclara
1831 3371 2004 3460 meane,
2031 3395 2100 3470 qua
2132 3371 2192 3446 dn·

667 3491 768 3564 cendi
803 3489 1011 3589 provinciam
1049 3491 1248 3589 sucepisti,
1282 3493 1487 3567 antecessori
1518 3501 1578 3567 tuo
1609 3493 1784 3566 bemineru
1816 3492 1923 3567 alium
1958 3511 2190 3568 comesuram

670 3610 861 3709 digniorem
887 3609 963 3683 deri
987 3609 1142 3707 potuisse
1168 3635 1272 3708 quam
1298 3621 1338 3686 tu
1362 3638 1410 3686 es.

717 3731 833 3803 Etiam
855 3739 936 3803 tuus
957 3729 1142 3818 adventus,
1169 3729 1356 3806 clarissime
1375 3716 1504 3821 Ενειε,4
1527 3731 1628 3806 nobis
1644 3739 1767 3830 gratare
1788 3732 1921 3807 eccidit.
1966 3735 2191 3830 Quemquam

667 3851 764 3923 novis
792 3851 931 3948 collegis
968 3850 1085 3922 minus
1114 3859 1217 3924 notus
1257 3860 1371 3926 tamen
1405 3862 1566 3950 expertus
1600 3877 1638 3926 es
1663 3877 1751 3926 novo
1774 3854 1884 3926 amico
1910 3854 2005 3951 apud
2027 3878 2090 3927 nos
2116 3877 2191 3926 esse

666 3969 791 4044 locum.
828 3969 979 4042 Fortiterw
999 3977 1039 4042 tu
1058 3977 1095 4042 et
1114 3979 1253 4044 strenue
1274 3993 1317 4044 cx
1342 3972 1406 4046 hoc
1428 3973 1504 4070 ipso
1525 3973 1598 4046 loco
1614 3973 1722 4046 animi
1741 3972 1796 4044 tui
1817 3972 1975 4046 intimant
1997 3971 2188 4070 persuasio·
2279 4053 2281 4058 ,

666 4114 747 4163 nem
779 4089 997 4188 erprcmeisti
1030 4097 1066 4164 et
1098 4091 1212 4189 palam
1246 4091 1358 4165 iecisti
1391 4115 1480 4192 quae
1509 4101 1549 4166 tu
1579 4093 1616 4166 in
1647 4093 1711 4166 han
1737 4092 1843 4166 veluti
1867 4093 1990 4168 militie
2012 4093 2115 4192 signa
2137 4112 2189 4167 ec·

667 4210 829 4307 quereris
881 4211 919 4283 Si
942 4235 1006 4310 ego
1026 4210 1213 4310 alic,‚signa
1233 4233 1376 4311 sequor,
1401 4215 1492 4302 noli,
1520 4231 1666 4312 quaeso,
1691 4213 1888 4288 existimare
1907 4235 1983 4288 eam
1999 4215 2187 4290 sententia-

662 4357 740 4405 rum
778 4332 1011 4428 diversitatem
1044 4331 1203 4406 dnimaue
1230 4333 1326 4406 illam
1359 4335 1670 4422 necessitudines,
1702 4351 1792 4433 quae
1823 4335 2036 4410 Professores
2066 4353 2188 4408 omnes

663 4453 753 4526 inter
780 4478 820 4526 se
849 4454 1040 4551 coniungit.
1088 4453 1190 4526 Nihil
1220 4461 1274 4528 est
1291 4454 1391 4528 atiud
1419 4455 1513 4553 quod
1538 4451 1778 4553 indisciplina
1802 4447 2045 4529 stercolenda
2067 4463 2102 4528 et
2124 4451 2185 4528 do·

662 4573 770 4647 canda
803 4575 1022 4672 quaerimus,
1057 4594 1161 4672 quam
1195 4573 1272 4647 sine
1300 4575 1495 4672 'cupiditate
1525 4575 1564 4648 id
1595 4573 1689 4672 quod
1725 4595 1841 4649 verum
1864 4584 1920 4650 est
1942 4575 2129 4673 indagare,
2154 4581 2190 4646 et

661 4695 768 4768 libero
797 4720 854 4770 cre
888 4697 925 4768 id
962 4694 1058 4793 quod
1085 4695 1254 4768 sentimus
1283 4695 1451 4795 proloqui.
1501 4693 1541 4769 si
1567 4695 1654 4770 forte
1679 4715 1852 4784 erremus,
1878 4691 1977 4769 dubit
2000 4692 2186 4791 unusquis·

656 4841 725 4915 que
747 4817 852 4891 errori
872 4816 1028 4903 veniam,
1054 4815 1136 4913 qtria
1157 4814 1330 4891 constabit
1351 4841 1414 4892 nos
1433 4817 1524 4892 bone
1545 4816 1616 4890 lide
1634 4822 1673 4891 'et
1693 4815 1842 4891 candide
1861 4801 2034 4890 erraticae.
2069 4811 2186 4887 Unus
