4926 6178
694 605 714 670 8
1202 606 1704 674 Anttssnnrsnru

663 797 801 885 ‘tentia
823 795 948 886 'verior
980 813 1166 911 aliquando
1201 813 1393 888 luculenter
1432 815 1594 890 omnibus
1632 817 1893 896 demonstrabit.
1945 819 2089 894 Accedit
2125 818 2220 918 quod

695 941 792 1006 tanta
825 943 878 1006 est
910 957 1047 1020 rerum,
1081 957 1167 1028 quas
1195 935 1262 1007 roei
1288 935 1391 1008 officii
1412 945 1464 1008 est
1491 936 1592 1010 hodie
1624 937 1761 1035 publice
1785 937 1820 1018 iu
1848 938 2052 1036 deponendo
2078 963 2220 1014 munere

695 1076 981 1140 commemorare,
1015 1052 1112 1150 copie
1138 1061 1173 1124 et
1199 1053 1359 1142 varietas,
1387 1065 1426 1127 ut
1452 1054 1538 1128 mihi
1562 1057 1766 1150 necessesit
1790 1057 1907 1132 statim
1934 1059 1979 1133 ad
2003 1059 2096 1133 illam
2118 1059 2221 1132 officii

586 1157 589 1163 ¹
694 1171 764 1244 mei
802 1181 935 1269 partem
969 1171 1114 1244 transire
1150 1180 1185 1243 et
1220 1172 1408 1248 solemnem
1442 1173 1649 1263 orationem,
1682 1201 1750 1274 qua
1784 1177 1911 1252 laetum
1945 1179 2037 1252 diem
2068 1179 2220 1254 natalem

694 1275 879 1390 quotannis
913 1290 1084 1364 celebrare
1126 1290 1295 1378 solemus,
1332 1301 1439 1366 totam
1471 1317 1596 1390 ponere
1624 1295 1660 1366 io
1688 1297 1792 1370 rebus
1815 1298 1988 1394 superiore
2013 1323 2103 1372 auno
2125 1297 2220 1398 apud

694 1435 756 1484 uos
792 1412 898 1499 actis,
931 1421 1020 1510 quae
1050 1431 1159 1508 quum
1193 1411 1322 1485 multoe
1351 1437 1391 1485 oc
1424 1412 1534 1485 variae
1564 1413 1711 1501 luerint,
1747 1426 1785 1488 ut
1809 1416 1873 1489 lert
1899 1416 2050 1491 humana
2073 1427 2219 1506 natura,

693 1530 759 1604 alia
785 1530 900 1604 tristes
925 1540 960 1604 et
985 1529 1146 1616 acerbae,
1172 1531 1258 1604 aliae
1284 1531 1391 1606 laetae
1417 1541 1452 1605 et
1478 1532 1649 1608 iucundae
1675 1535 1775 1608 nobis
1800 1536 2009 1611 acciderunt.

1327 1879 1589 1891 ——--———

744 2125 842 2198 Nihil
877 2135 994 2200 autem
1033 2127 1132 2200 nobis
1166 2127 1323 2202 acerbius
1358 2137 1393 2200 et
1427 2125 1658 2200 calamitosius
1695 2128 1839 2216 accidit,
1878 2153 1982 2226 quam
2020 2131 2114 2228 quod
2148 2131 2220 2204 dno

649 2347 654 2352 Ι
695 2243 903 2319 Academiae
939 2246 1071 2321 lumina
1101 2247 1210 2321 morte
1234 2247 1434 2334 amisimus,
1465 2247 1625 2348 Duorum
1649 2248 1856 2347 collegarum
1880 2249 2014 2323 obitum
2040 2249 2220 2349 lugemus,

662 2389 844 2462 .quorum
876 2375 1022 2439 mortem
1051 2391 1119 2460 uua
1145 2367 1326 2442 nobiscum
1349 2366 1471 2465 lugent
1490 2391 1630 2454 omnes,
1656 2368 1884 2464 quibusoam
1911 2377 1964 2443 est
1991 2379 2108 2444 nostra
2130 2371 2221 2446 alma

530 2529 532 2535 ι
558 2549 561 2552 .
696 2493 823 2572 mater,
847 2485 975 2584 quibus
1001 2487 1173 2584 praeclara
1198 2487 1312 2560 studia
1335 2494 1370 2559 et
1397 2511 1480 2560 sana
1501 2511 1540 2560 ac
1562 2487 1670 2560 solida
1693 2487 1842 2561 eruditio
1863 2489 1957 2562 cordi
1981 2499 2043 2563 est.
2090 2489 2222 2593 Haeret

696 2603 732 2676 in
758 2605 1033 2679 animisnostris
1058 2608 1215 2680 omnium
1242 2606 1426 2693 memoria,
1453 2605 1628 2680 haeretic
1655 2607 1762 2681 oculis
1784 2608 1900 2707 imago
1921 2609 2094 2684 Schrantii
2113 2610 2223 2684 nostri

697 2733 731 2796 et
754 2723 875 2811 Balrii,
901 2748 988 2822 quos
1014 2724 1109 2799 brevi
1130 2725 1308 2798 intervallo
1332 2725 1389 2822 pia
1415 2735 1531 2798 mente
1555 2725 1678 2798 moesti
1701 2727 1940 2825 sepelivimus,
1965 2755 2006 2803 ea
2028 2731 2222 2828 frequentia

696 2844 873 2931 omnium,
906 2869 946 2916 eo
976 2845 1084 2918 animi
1114 2843 1259 2932 affectu,
1292 2853 1332 2916 ut
1360 2844 1413 2917 vel
1443 2869 1486 2917 ex
1518 2843 1650 2916 ultimis
1674 2845 1861 2921 honoribus
1886 2859 2085 2946 appareret,
2110 2875 2221 2948 quan·

699 2971 770 3038 tam
801 2963 968 3036 iacturam
997 2963 1198 3050 fecerimus,
1225 2971 1260 3036 et
1280 2973 1491 3062 quantopere
1514 2987 1632 3037 carum
1653 2965 1839 3064 collegam,
1865 2968 2036 3058 amicum,
2062 2995 2222 3068 praecep·

700 3092 808 3156 torem
836 3082 1076 3180 unnsquisque
1102 3083 1320 3158 desideraret.
1443 3098 1445 3100 ’

747 3202 906 3277 Gonabor
940 3203 1066 3302 igitur,
1105 3212 1275 3300 quantum
1298 3228 1395 3279 meae
1418 3204 1505 3279 vires
1530 3205 1724 3303 patientur,
1759 3207 1940 3306 utriusque
1963 3209 2226 3306 praeclarissimi

698 3323 761 3396 viri
796 3335 831 3396 et
867 3322 971 3398 vitam
1006 3323 1153 3397 breviter
1183 3323 1374 3398 describere
1409 3333 1444 3398 et
1478 3325 1600 3399 merita
1623 3349 1705 3424 erga
1731 3326 1866 3416 studia,
1892 3352 1974 3427 erga
1997 3328 2223 3404 Academiam

562 3479 567 3482 ·
700 3452 871 3532 nostram,
897 3469 979 3542 erga
1004 3451 1111 3518 totam
1139 3444 1317 3518 hominum
1345 3445 1544 3520 societatem
1569 3445 1605 3520 in
1631 3445 1707 3520 lnce
1732 3470 1869 3544 ponere.

748 3563 938 3638 Iohannem
967 3563 1154 3656 Matthiam
1179 3565 1325 3640 Schrant
1349 3565 1496 3663 priorem
1518 3567 1709 3640 amisimus.
1761 3565 1886 3665 Hagae
1903 3566 2039 3640 comitis
2060 3575 2165 3641 natus
2189 3574 2225 3642 et

701 3683 868 3758 educatus
900 3693 935 3757 et
956 3683 1080 3782 puerili
1105 3683 1285 3782 disciplina
1309 3685 1353 3759 ad
1375 3686 1584 3761 Academica
1606 3685 1722 3760 studia
1746 3685 1898 3785 primum
1923 3685 2127 3761 informatus
2152 3711 2225 3762 ma·

701 3812 777 3878 ture
814 3803 1027 3902 Lugdunum
1062 3805 1270 3879 Batavorum
1310 3805 1481 3902 migravit.
1546 3805 1685 3904 Agebat
1721 3829 1852 3879 annum
1893 3806 2015 3880 aetatis
2049 3806 2224 3880 decimum

701 3923 886 4022 quintum,
921 3948 1030 4022 quum
1059 3933 1217 4022 parentes
1238 3924 1355 3999 relicta
1379 3925 1490 4023 patria
1514 3925 1549 3997 iu
1574 3925 1723 4000 colonias
1747 3933 1881 3999 nostras
1909 3925 2102 3999 Orieutolas
2123 3926 2225 4024 profi·

642 4131 646 4137 ¹
682 4044 927 4131 ‘oiscerentur,
952 4053 988 4117 et
1010 4043 1138 4143 ipsese
1161 4046 1206 4119 ad
1225 4054 1409 4144 patruum,
1435 4045 1677 4144 cognominem
1699 4044 1783 4132 sibi,
1804 4043 1970 4131 contulit,
1996 4044 2227 4119 venerabilem

701 4163 811 4238 virum
840 4163 1010 4262 nobisque
1037 4165 1203 4263 collegam
1229 4165 1348 4238 multis
1377 4164 1580 4239 nominibus
1605 4160 1918 4262 spectatissimum,
1944 4187 2049 4262 quem
2076 4164 2228 4262 parentis

700 4284 809 4358 instar
843 4283 977 4358 colebat
1015 4293 1051 4358 et
1081 4284 1258 4383 diligebat.
1318 4284 1427 4381 Apud
1462 4284 1575 4370 hunc,
1612 4283 1648 4355 in
1680 4282 1780 4356 cuius
1812 4283 1958 4357 aedibus
1990 4291 2104 4357 totum
2138 4285 2227 4358 vitae

701 4403 928 4478 Academicae
957 4404 1107 4502 spatium
1139 4403 1310 4502 explevit,
1343 4403 1477 4502 peregit
1502 4404 1561 4478 illa
1586 4401 1722 4491 studia,
1749 4402 1878 4500 quibus
1902 4403 1946 4476 ad
1970 4403 2226 4478 institutionem

700 4524 944 4600 Academioam
979 4534 1119 4624 paratus
1152 4524 1313 4611 accessit,
1341 4547 1425 4596 usus
1448 4523 1484 4595 in
1507 4523 1566 4596 illa
1588 4547 1625 4596 re
1652 4521 1783 4620 privata
1805 4521 2022 4596 institutione
2046 4521 2227 4597 clarissimi

701 4644 858 4732 Mabnii,
892 4669 994 4741 quern
1026 4645 1198 4743 optimum
1232 4644 1399 4742 collegam
1435 4643 1555 4741 magni
1589 4639 1721 4717 faciunt
1745 4642 1806 4739 qui
1828 4637 1983 4717 nostrum
2011 4651 2093 4717 sunt
2112 4649 2226 4717 aetate

701 4763 900 4863 grandiores
925 4774 959 4837 et
985 4764 1048 4838 viri
1073 4773 1145 4839 tam
1171 4763 1264 4838 docti
1289 4787 1394 4862 quam
1419 4761 1559 4838 candidi
1583 4762 1735 4836 amicitia
1759 4763 1841 4836 olim
1868 4770 1950 4836 sunt
1975 4761 2039 4837 usi.
