4926 6178
661 667 703 732 ll
1172 663 1676 731 untnaautsna

657 889 760 974 quarn
799 873 950 946 Balrinm
988 871 1032 946 ab
1065 869 1247 944 ambitiosa
1275 869 1418 948 laudum
1444 887 1586 945 suarum
1608 871 1863 970 praedicatione
1890 871 1997 946 fuisse
2017 872 2182 947 alienum.

658 994 695 1067 ai
721 993 928 1092 quisalius,
954 992 1085 1065 Bakius
1109 990 1323 1088 intelligebat
1346 991 1509 1065 virtutem
1535 992 1625 1066 inter
1648 993 1718 1066 dno
1741 993 1898 1092 opposita
1923 993 2004 1066 vitio
2028 992 2184 1066 medium

657 1115 770 1188 locum
796 1114 970 1199 obtinere,
997 1129 1031 1185 et
1056 1109 1282 1211 aequabiliter
1304 1131 1366 1209 per
1392 1121 1498 1184 totam
1527 1109 1631 1184 vitam
1660 1109 1697 1184 id
1721 1109 1869 1208 agebat,
1903 1119 1942 1184 ut
1967 1111 2002 1184 in
2027 1109 2124 1184 nulla
2144 1130 2184 1184 re

657 1234 799 1308 modum
823 1233 1012 1306 excederet.

707 1351 951 1451 Coniungsbat
984 1351 1126 1425 feliciter
1152 1349 1284 1424 Batitas
1315 1349 1521 1448 sapientiam
1546 1369 1626 1424 cnm
1653 1349 1846 1424 incredibili
1873 1350 2014 1424 lenitate
2041 1349 2183 1448 ingenii.

655 1475 799 1570 Itaque,
841 1492 1052 1571 quamquam
1092 1483 1166 1546 crat
1198 1471 1293 1544 mitis
1325 1479 1360 1543 ct
1390 1471 1477 1543 lanis
1502 1480 1537 1544 at
1558 1467 1778 1559 moderatus,
1806 1471 1889 1568 quia
1905 1471 2005 1545 idem
2032 1480 2106 1544 erat
2130 1495 2184 1546 aa·

655 1590 772 1692 piens,
809 1592 999 1690 effugiebat
1024 1591 1258 1666 multitudinis
1284 1601 1515 1678 contemtum,
1543 1599 1579 1663 et
1608 1611 1818 1690 quamquam
1847 1600 1920 1666 erat
1945 1591 2082 1690 sapiens
2108 1611 2183 1665 cae·

654 1721 814 1810 torosque
835 1711 916 1786 iere
948 1734 1068 1786 omnes
1101 1711 1286 1809 prudentie
1319 1711 1524 1808 superabat,
1560 1711 1642 1809 quia
1677 1711 1770 1786 idem
1794 1719 1868 1786 erat
1890 1711 2008 1798 mitis,
2033 1711 2184 1785 evitabat

654 1833 836 1905 hominum
875 1832 1100 1904 mediocrium
1139 1831 1316 1905 invidiam.
1368 1831 1484 1904 Inerat
1518 1831 1554 1904 in
1590 1829 1701 1906 Balsio
1739 1831 1902 1918 comitas,
1940 1827 2051 1904 inerat
2075 1830 2186 1904 multa

655 1953 829 2042 hilaritas,
855 1961 891 2026 et
917 1951 995 2049 quis
1019 1971 1088 2024 non
1120 1951 1276 2026 meminit
1303 1961 1515 2049 quantopere
1539 1973 1619 2026 curn
1644 1951 1763 2026 Gealio
1788 1971 1852 2024 auo
1878 1947 2010 2024 Balrius
2034 1945 2069 2024 in
2098 1951 2184 2023 sales

653 2094 693 2147 ac
716 2074 808 2147 iocos
839 2071 974 2146 effundi
1002 2073 1149 2146 soleret?
1200 2073 1290 2149 Quis
1315 2093 1382 2144 non
1407 2072 1585 2159 meminit,
1614 2072 1675 2170 qui
1698 2072 1849 2168 lepores,
1875 2093 1964 2168 quae
1989 2067 2184 2158 urbanitas,

656 2211 745 2292 quac
770 2192 934 2266 dicacitas
962 2193 997 2265 in
1022 2191 1133 2265 Balsio
1163 2191 1284 2279 luerit,
1315 2192 1375 2264 sed
1401 2213 1440 2264 ea
1465 2191 1646 2278 dicacitas,
1674 2211 1763 2289 quae
1787 2192 1836 2265 sic
1862 2189 2007 2264 feriabat
2028 2191 2185 2264 animum

654 2319 695 2386 ut
718 2337 830 2411 neque
852 2321 1023 2412 pungeret
1046 2337 1159 2412 neque
1185 2312 1365 2385 morderet.
1417 2312 1507 2390 Quis
1529 2319 1602 2385 erat
1625 2312 1683 2385 illo
1709 2312 1862 2386 veritatis
1886 2311 2076 2411 amantior,
2102 2309 2185 2382 iusti

654 2440 689 2506 et
723 2433 828 2530 aequi
865 2430 1037 2521 tenacior,
1077 2433 1156 2531 quis
1195 2429 1263 2504 vita
1301 2431 1490 2528 integrior?
1527 2453 1614 2530 qnae
1639 2433 1782 2506 uirtutes
1806 2432 1974 2530 dotesque
1998 2429 2185 2529 obtegebat

653 2553 765 2650 magis
803 2574 909 2650 qnam
947 2552 1162 2627 ostendebat.
1214 2553 1333 2626 Bonus
1368 2573 1442 2626 esne
1479 2574 1585 2650 quam
1623 2553 1729 2626 videri
1767 2552 1928 2626 malebat.
1979 2551 2122 2624 Nemini
2148 2571 2185 2624 aa

654 2671 903 2771 anteponebet:
928 2673 957 2745 si
982 2697 1071 2770 quos
1095 2672 1237 2747 iuvabat
1261 2673 1404 2746 fremere
1428 2684 1489 2746 aut
1511 2673 1677 2760 clamare,
1700 2672 1832 2746 Bobius
1853 2671 2032 2771 premebat
2047 2691 2184 2758 vocam,

655 2791 745 2866 ultro
770 2791 915 2865 cedebat
937 2791 981 2865 de
1005 2793 1068 2866 ria.
1120 2793 1212 2865 Fieri
1237 2801 1370 2890 potest,
1398 2801 1438 2866 ut
1461 2814 1724 2892 nonnumquam
1748 2793 1992 2866 nonnullorum
2016 2792 2184 2866 insaniam

654 2913 690 2986 ln
729 2907 808 2985 sinu
839 2911 973 2999 riserit,
1006 2911 1193 3010 aliquando
1218 2912 1306 2987 salse
1332 2922 1367 2986 et
1391 2915 1507 2988 Attiou
1534 2915 1643 2988 ironia
1673 2913 1819 3013 ineptias
1841 2913 1985 2988 aliorum
2012 2931 2183 3010 compres-

657 3033 759 3118 serit,
800 3032 861 3104 sed
896 3031 1007 3104 iuerat
1044 3051 1179 3130 semper
1216 3032 1252 3106 in
1282 3033 1374 3108 illius
1401 3033 1516 3108 auimo
1543 3035 1692 3122 eandm,
1720 3045 1755 3108 et
1778 3034 1948 3109 inseramur
1978 3041 2014 3107 et
2037 3031 2185 3131 ineptius

656 3152 835 3224 hominum
864 3150 1038 3224 leuissima
1062 3150 1203 3229 ferebat.

708 3269 866 3343 Prudens
899 3269 1079 3343 eonsilium
1116 3279 1257 3370 rogatus
1287 3271 1411 3360 dabat,
1440 3296 1507 3345 non
1534 3281 1674 3371 rogatus
1699 3272 1829 3346 nemini
1854 3271 2083 3360 obtrudebat,
2110 3291 2183 3345 um·

655 3390 753 3464 nium
780 3388 923 3462 minime
950 3411 986 3462 se
1012 3390 1118 3463 rebus
1144 3392 1263 3465 alienis
1287 3393 1441 3466 inserens
1465 3402 1526 3466 aut
1551 3393 1783 3492 interponens.
2131 3393 2142 3402 ⁴

708 3512 823 3588 Quam
856 3509 965 3583 multa
986 3533 1122 3608 possem
1149 3511 1270 3584 harum
1299 3512 1464 3620 virtutum
1492 3522 1697 3610 argumenta
1721 3511 1889 3610 proferre,
1917 3513 2042 3610 partim
2070 3512 2181 3587 omui·

658 3630 724 3703 bna
759 3639 862 3716 nota,
894 3630 1018 3727 partim
1046 3630 1178 3704 intimis
1203 3631 1321 3705 amicis
1346 3653 1415 3706 non
1441 3634 1570 3731 ignota.
1622 3632 1795 3706 Proferam
1825 3651 1935 3706 unum
1963 3643 1999 3706 et
2024 3633 2182 3707 altarum.

656 3736 815 3822 Vivimus
841 3749 876 3822 in
903 3749 1041 3824 civitate
1064 3751 1274 3850 optimorum
1300 3761 1335 3825 et
1355 3752 1631 3828 doctissimorum
1659 3753 1807 3826 virorum
1830 3753 2039 3852 plena,‘sed
2062 3751 2185 3827 eedem

657 3869 777 3943 civitas
802 3877 855 3942 est
879 3871 994 3944 nescio
1023 3871 1197 3968 quomodo
1219 3873 1305 3945 acris
1330 3881 1365 3945 et
1388 3893 1547 3972 pugnax,
1574 3881 1609 3948 et
1637 3872 1726 3947 bella
1756 3891 1796 3946 er
1829 3873 1928 3947 bellis
1953 3895 2064 3947 serere
2087 3873 2183 3947 solet.

659 3990 802 4088 Semper
826 3991 919 4089 apud
944 4013 1007 4064 nos
1031 3999 1202 4066 certamen
1231 3991 1372 4091 aliquod
1402 4002 1457 4066 est
1484 4003 1545 4067 ant
1571 3993 1755 4067 contentio.
1807 3993 1860 4066 Dc
1889 3993 2011 4079 secus,
2040 3992 2084 4066 de
2107 4011 2183 4091 pra·

658 4107 768 4197 lanis,
804 4109 847 4181 de
886 4109 1095 4207 quibusdem
1124 4111 1199 4183 aliis
1225 4121 1421 4210 pugnantes
1446 4131 1540 4187 arma
1565 4129 1756 4210 numquam
1785 4112 1828 4184 de
1853 4112 2015 4186 manibus
2041 4111 2183 4211 deponi-

658 4246 747 4302 mus.
799 4225 896 4305 Quid
931 4227 1089 4302 Belius?
1139 4231 1237 4305 Pacis
1269 4243 1387 4306 auctor
1424 4255 1559 4331 semper
1584 4233 1675 4306 inter
1699 4232 1782 4306 belli
1811 4231 2026 4319 turbatores,
2052 4232 2183 4318 otium,

659 4347 835 4446 quietern,
871 4349 1085 4422 concordium
1122 4349 1302 4439 laudabat,
1331 4353 1614 4440 commendabat,
1643 4352 1806 4426 omuibus
1834 4351 1946 4425 modis
1969 4351 2122 4450 augebat
2149 4357 2186 4424 at

584 4471 589 4482 '
659 4467 894 4543 confirmabat.
948 4469 1094 4546 Quoties
1125 4469 1275 4567 privatas
1308 4468 1455 4544 offensas
1490 4472 1541 4544 vel
1564 4470 1832 4546 offensiunculas
1856 4469 2020 4568 prudenti
2043 4466 2184 4542 consilio

662 4588 803 4662 sanarit.
855 4589 1002 4665 Quoties
1030 4587 1169 4688 publice
1204 4607 1321 4688 pacem
1356 4597 1392 4664 et
1423 4590 1638 4664 concordiam
1671 4597 1733 4664 aut
1763 4590 1914 4664 restitnit
1945 4598 2010 4663 aut
2039 4595 2184 4664 conatus

662 4711 714 4782 est
742 4706 932 4781 restituere.
985 4709 1131 4786 Quoties
1159 4729 1213 4784 res
1238 4709 1409 4802 turbidas,
1423 4707 1636 4809 composuit,
1663 4720 1699 4784 et
1728 4710 1871 4784 aliorum
1898 4709 1980 4782 vitio
2007 4709 2061 4782 cel
2086 4707 2183 4806 cupi·

663 4827 770 4901 ditate
809 4825 993 4924 impeditas
1028 4827 1180 4901 sollerter
1215 4829 1398 4928 expedivit.
1459 4829 1512 4902 Ex
1551 4829 1679 4928 quibus
1715 4829 1819 4904 rebus
1852 4829 1939 4903 nibil
1980 4827 2077 4904 uliud
2118 4825 2185 4904 atti
