4926 6178
794 729 798 736 ·
906 691 1185 759 onusto.
1762 687 1802 752 13

278 906 313 974 et
346 897 545 996 ingenioso,
583 925 688 997 quam
722 901 871 976 {mundo
909 909 949 974 et
976 901 1113 975 diserto.
1166 900 1236 972 Sed
1258 898 1337 996 quis
1364 923 1384 970 a
1410 897 1562 981 medico,
1589 895 1650 991 qui
1675 894 1711 966 in
1738 917 1801 966 sua

277 1024 350 1093 arte
378 1017 413 1090 in
444 1018 536 1092 diem
568 1019 672 1094 latius
703 1031 921 1096 excrescente
954 1029 1031 1095 toto
1055 1023 1170 1095 animo
1200 1043 1334 1116 semper
1358 1026 1544 1114 occupatus
1569 1024 1641 1101 est,
1668 1022 1799 1086 tantam

276 1159 349 1210 rem
383 1138 551 1212 sustineat
581 1141 781 1236 postulare?
824 1143 899 1239 Ego
930 1151 969 1213 ut
996 1141 1099 1216 Bakii
1135 1141 1254 1214 laudes
1285 1139 1437 1212 oratioue
1460 1135 1651 1208 celebrem!
1680 1133 1802 1206 merita

277 1256 314 1330 in
334 1255 465 1330 litteras
489 1259 689 1346 aestimem,
715 1261 889 1334 doctrinae
912 1272 1137 1335 monumenta
1158 1261 1365 1359 panderem,
1387 1281 1531 1330 acumen
1557 1264 1592 1327 et
1614 1253 1798 1327 sollertiam

279 1374 416 1450 subtilis
444 1378 575 1475 ingenii
606 1379 802 1476 variamque
826 1391 860 1452 at
884 1381 1110 1478 multiplicem
1134 1378 1360 1452 eruditionem
1390 1378 1578 1473 exponam!
1620 1373 1718 1446 Nihil
1747 1383 1800 1444 est

278 1521 300 1570 a
330 1519 408 1570 mee
430 1489 583 1594 'persona
614 1498 771 1572 alienius.
820 1500 992 1572 Fecerunt
1015 1500 1078 1572 boc
1103 1500 1161 1572 alii
1182 1509 1217 1570 et
1242 1498 1389 1582 facient,
1417 1497 1477 1592 qui
1503 1521 1544 1570 ex
1572 1495 1674 1568 Bakii
1699 1492 1799 1576 disci·

278 1615 372 1712 plina
403 1616 546 1713 profecti
575 1627 610 1692 et
632 1619 667 1692 in
691 1619 848 1692 intimem
872 1618 973 1692 Bakii
993 1619 1178 1692 amicitiam
1206 1617 1353 1714 recepti,
1389 1615 1560 1712 quidquid
1583 1624 1656 1686 erat
1681 1613 1717 1685 in
1741 1613 1799 1684 illo

279 1735 350 1808 viro
371 1759 538 1834 magnum
559 1745 594 1810 et
613 1737 749 1835 insigne
769 1746 804 1809 ct
823 1737 1043 1823 admirabile,
1069 1749 1252 1836 agnoscere
1272 1745 1307 1809 et
1323 1759 1479 1809 enarrare
1501 1736 1658 1808 omnium
1670 1733 1800 1831 optime

277 1866 433 1952 possunt.
485 1857 606 1930 Meum
641 1857 726 1953 quid
763 1856 808 1930 sit
840 1856 874 1930 in
902 1857 1005 1930 buius
1031 1857 1099 1930 diei
1127 1857 1342 1930 solemnitate
1366 1855 1497 1941 lacere,
1525 1855 1647 1928 dicem.
1699 1852 1801 1924 Bakii

278 1973 348 2046 vita
379 1973 465 2060 luit,
501 1982 541 2048 ut
568 1975 616 2047 ita
643 1974 777 2062 dicam,
803 1976 959 2050 bifariam
984 1977 1103 2052 divisa.
1154 1978 1239 2050 Pars
1265 1985 1436 2049 transacta
1462 1985 1515 2048 est
1540 1975 1574 2046 in
1599 1972 1739 2058 litteris,
1764 1972 1799 2044 in

276 2090 421 2164 eruditis
443 2091 568 2164 studiis
592 2091 837 2190 laboribusque
863 2119 965 2168 omne
988 2119 1110 2192 genus.
1163 2094 1312 2191 Reliqua
1339 2119 1419 2192 pars
1442 2095 1531 2168 vitae
1555 2093 1622 2166 suit
1647 2093 1819 2190 publica,¹

277 2211 322 2287 ad
351 2234 572 2284 communem
606 2213 763 2286 omnium
792 2215 999 2302 utilitatem,
1025 2215 1069 2288 ad
1093 2215 1224 2312 patriae
1249 2215 1491 2300 commodum,
1517 2212 1562 2286 ad
1589 2213 1692 2286 huius
1720 2213 1802 2286 civi·

277 2331 359 2404 tatis
389 2331 663 2404 emolumentum
697 2345 905 2431 comparato.
966 2335 1123 2409 Habebat
1156 2335 1220 2408 boc
1253 2336 1385 2408 Bakius
1411 2344 1450 2406 ut
1473 2332 1636 2406 omnibus
1657 2332 1692 2404 iu
1718 2357 1802 2428 qua·

275 2475 413 2548 cunque
447 2475 484 2524 re
513 2451 674 2548 prodesse
706 2463 741 2526 et
768 2455 870 2528 vellet
901 2463 936 2528 et
967 2463 1093 2552 posset.
1148 2455 1204 2528 Sic
1226 2455 1354 2527 lactum
1380 2464 1433 2526 est
1457 2465 1493 2526 ut
1518 2452 1669 2530 Bakium
1694 2451 1802 2526 admi·

275 2580 433 2646 rorantur
457 2595 595 2658 omnes,
620 2572 725 2646 etiem
751 2574 801 2647 illi
825 2575 885 2672 qui
911 2576 1102 2650 litterarum
1129 2575 1373 2674 praestantiam
1398 2587 1433 2647 et
1457 2574 1661 2646 suavitatem
1684 2595 1744 2668 per
1767 2595 1803 2642 se
1843 2641 1847 2644 .

276 2691 351 2788 ipse
376 2714 560 2788 agnoscere
578 2715 654 2764 uon
677 2703 839 2788 possent,
873 2694 920 2766 sic
948 2695 1155 2766 factumest
1181 2703 1220 2764 ut
1242 2693 1392 2764 Bakium
1420 2715 1540 2762 omnes
1564 2690 1747 2786 diligerent
1768 2698 1804 2762 et

276 2817 431 2884 amarent
462 2809 566 2882 etiam
598 2809 668 2896 illi,
700 2812 761 2906 qui
790 2811 834 2883 ab
864 2814 940 2884 eius
966 2812 1217 2884 consuetudine
1247 2821 1282 2884 et
1309 2810 1539 2884 familiaritate
1561 2809 1680 2906 procul
1703 2809 1801 2882 abes-

276 2936 364 3001 sent.
416 2927 523 3021 Quod
558 2926 594 2999 in
626 2927 684 3000 illo
713 2929 826 3002 Bakio
847 2954 968 3004 omnes
990 2931 1181 3004 amavimus
1207 2939 1242 3003 et
1267 2929 1427 3004 admirati
1453 2953 1594 3016 sumus,
1620 2929 1714 3027 quod
1737 2953 1802 3028 ego

275 3047 350 3146 ipse
370 3047 406 3120 in
426 3045 484 3120 illo
506 3047 645 3142 suspexi
665 3057 700 3122 et
720 3047 840 3134 dilexi,
861 3047 897 3120 id
910 3046 1042 3134 dicam,
1069 3071 1127 3120 vos
1148 3071 1291 3134 omnes,
1309 3047 1369 3144 qui
1389 3071 1469 3120 eum
1492 3055 1553 3120 aut
1574 3047 1716 3144 perinde
1737 3058 1798 3122 aut

276 3167 400 3240 melius
434 3167 624 3253 noveratis,
661 3167 689 3240 si
716 3167 801 3264 quid
821 3167 929 3240 crite
955 3191 1011 3240 me
1033 3167 1334 3263 praetermissum,
1362 3167 1467 3242 tacita
1488 3168 1695 3266 cogitatione
1718 3193 1799 3266 sup·

194 3272 197 3277 ⁸
277 3286 427 3385 plebitis.
1445 3291 1447 3296 ’

327 3406 420 3478 Usus
446 3413 499 3478 est
520 3403 653 3478 Bakius
677 3405 747 3478 vita
771 3405 873 3504 longa
897 3415 933 3480 et
955 3407 1140 3504 tranquilla
1163 3418 1198 3480 et
1221 3407 1310 3480 felici
1322 3439 1330 3492 ;
1357 3407 1468 3480 nullas
1491 3407 1649 3482 fortunae
1672 3409 1798 3482 vicissi-

277 3525 435 3613 tudines,
477 3525 592 3599 nullos
632 3549 733 3598 casus
770 3526 960 3600 acerbiores
997 3537 1178 3624 expertus,
1222 3535 1370 3600 exeunte
1405 3551 1522 3600 mense
1555 3529 1683 3602 Martio
1718 3530 1801 3602 anni

278 3645 460 3743 superioris
486 3669 596 3743 quum
621 3669 730 3718 annos
754 3669 815 3720 sex
841 3655 876 3719 et
902 3633 1123 3744 septuaginta
1148 3655 1251 3720 natus
1277 3658 1385 3732 esset,
1411 3649 1600 3722 arcessite
1625 3649 1705 3722 vita.

327 3766 454 3838 Totum
489 3765 552 3838 hoc
580 3765 654 3838 aevi
677 3766 827 3863 spatium
853 3767 889 3848 in
913 3765 976 3840 hac
1001 3776 1117 3840 nostra
1141 3767 1278 3839 civitate
1304 3768 1480 3864 transegit.
1532 3768 1602 3842 Hic
1628 3781 1732 3842 natus
1762 3779 1797 3842 et

277 3883 446 3968 educatus
479 3891 515 3956 et
544 3885 701 3958 eruditus
725 3911 766 3960 ea
792 3886 1012 3960 celeberrima
1036 3885 1295 3982 Wyttenbachii
1323 3886 1504 3982 disciplina
1528 3888 1701 3984 profectus
1726 3889 1794 3986 pri·

277 4027 375 4076 mum
408 4003 623 4102 aliquamdiu
653 4006 690 4078 in
726 4007 812 4080 ludo
846 4007 1011 4080 litterario
1043 4007 1175 4080 litteras
1207 4007 1367 4103 antiquas
1399 4007 1633 4082 adolescentes
1668 4009 1796 4084 docuit.

276 4123 364 4196 Mox
385 4123 452 4220 ipsi
473 4123 760 4222 Wyttenbachio,
785 4126 846 4224 qui
869 4126 1005 4200 nullum
1025 4125 1148 4199 habuit
1170 4125 1281 4198 Bakio
1297 4125 1505 4222 discipulum
1522 4127 1796 4225 praeclariorem,

278 4241 381 4316 datus
416 4267 590 4320 successor
618 4245 711 4319 illam
744 4247 902 4344 Spartam
928 4269 1009 4320 cum
1036 4245 1191 4319 omnium
1216 4245 1340 4343 plausu
1367 4247 1509 4320 ornavit.
1567 4247 1727 4344 Denique
1752 4246 1797 4322 ad

278 4373 406 4438 metam
437 4366 593 4462 pervenit
616 4365 753 4464 legibus
776 4368 1020 4452 constitutam,
1045 4377 1080 4438 et
1105 4366 1140 4437 in
1166 4364 1225 4437 illo
1245 4365 1335 4452 otio,
1365 4374 1403 4438 nt
1428 4365 1579 4454 solebat,
1605 4367 1796 4464 occupatis·

279 4482 407 4572 simus,
443 4509 552 4582 quum
589 4510 677 4559 nova
714 4486 887 4562 doctrinae
923 4496 958 4559 et
992 4484 1161 4560 acuminis
1194 4493 1419 4558 monumenta
1448 4487 1630 4573 conderet,
1658 4511 1699 4558 ar
1728 4487 1796 4560 vita
1868 4511 1872 4522 ·

278 4603 463 4700 tranquilla
497 4613 533 4678 et
567 4604 668 4678 beate
699 4604 833 4703 placide
866 4605 911 4682 ad
936 4605 1121 4680 beatiorem
1145 4605 1309 4690 excessit,
1337 4604 1499 4676 omnibus
1523 4604 1637 4678 flebile
1661 4604 1794 4678 deside·

276 4721 368 4797 num
394 4723 449 4798 sui
472 4723 669 4820 relinquens
692 4733 727 4797 et
750 4725 926 4798 caritatem
951 4734 987 4798 et
1009 4747 1161 4798 amorem
1185 4733 1220 4796 et
1247 4723 1447 4796 memoriam
1477 4723 1690 4800 duraturam.
1741 4726 1795 4800 De

277 4839 382 4940 hujus
420 4842 481 4918 viri
516 4842 624 4940 igitur
660 4841 846 4918 virtutibus
881 4843 1037 4918 dicturus
1071 4867 1206 4943 semper
1238 4843 1445 4932 meminero,
1480 4845 1654 4920 neminem
1685 4845 1795 4944 magis
