4926 6178
934 691 1210 759 ORATIO.
1622 745 1625 755 .
1815 689 1835 756 t)

357 899 400 972 In
424 897 536 973 stadio
560 899 768 974 Academico
789 901 960 975 Schrantii
983 901 1139 975 animum
1160 897 1356 972 alliciebant
1378 899 1596 997 potissimum
1614 899 1729 973 studia
1744 898 1831 997 phy·

308 1018 378 1093 sica
413 1025 449 1093 ct
480 1019 657 1108 botanioa,
684 1044 774 1117 quae
798 1031 834 1094 et
854 1033 993 1119 propter
1016 1022 1170 1120 ipsorum
1194 1019 1438 1116 praestantiam
1461 1019 1561 1092 illum
1586 1020 1772 1106 tenebant,
1797 1025 1834 1094 et

310 1138 392 1237 quia
427 1138 605 1238 egregium
642 1141 677 1212 in
713 1140 855 1213 modum
885 1139 930 1212 ad
952 1137 1226 1212 inflammandos
1254 1137 1445 1210 iuventutis
1477 1137 1610 1210 animos
1633 1137 1678 1213 ab
1704 1137 1833 1234 Uylen·

309 1257 450 1332 broekio
484 1267 520 1331 et
552 1259 807 1334 Reinwerdtio·
827 1258 1048 1333 docebantur.
1101 1257 1309 1354 inquibus
1341 1282 1451 1354 quum
1480 1256 1832 1356 aliquantum'prof-

309 1377 431 1465 cisset,
467 1379 638 1477 imprimis
671 1380 827 1453 studium
857 1388 891 1451 et
911 1384 1050 1476 operam
1073 1377 1235 1451 collocare
1260 1378 1372 1475 coepit
1397 1377 1433 1451 in
1465 1377 1666 1451 Sandifortii
1693 1378 1834 1452 damona

306 1498 531 1572 strationibus
567 1501 790 1587 anatomicis,
826 1509 861 1572 et
895 1497 1059 1571 Iohannis
1090 1523 1120 1570 v.
1147 1497 1181 1570 d.
1210 1497 1373 1584 Hoeven,
1400 1505 1435 1570 et
1462 1496 1576 1570 fratris
1600 1497 1711 1594 Pruys
1739 1521 1769 1570 v.
1794 1496 1829 1570 d.

306 1619 451 1692 Hoeven
482 1626 517 1690 et
555 1620 703 1692 Broersii
732 1629 766 1693 et
801 1617 992 1722 Suriugarii
1026 1615 1250 1702 lectionibus,
1287 1617 1380 1690 unde
1407 1616 1486 1689 iecit
1509 1615 1734 1690 fundamenta
1759 1624 1833 1689 stu·

306 1737 464 1824 diorum,
499 1738 534 1810 in
568 1739 696 1834 quibus
732 1747 850 1836 postea
884 1738 974 1812 vitae
1012 1736 1273 1811 tabernaculum
1309 1736 1443 1834 posuit,
1476 1757 1624 1833 quorum
1661 1735 1833 1831 primitiae

306 1859 374 1932 ism
412 1856 642 1934 cernebantur
676 1859 711 1931 in
747 1857 996 1932 Dissertatione
1031 1882 1156 1956 quam,
1189 1859 1230 1929 de
1252 1857 1472 1955 respectionis
1494 1855 1714 1929 mechanisma
1735 1856 1833 1928 etde

308 1979 581 2074 ithammationrs
598 1981 731 2052 notione
748 1978 968 2076 conscripsit,
995 2003 1064 2075 qua
1085 1977 1225 2050 defensa
1248 1999 1403 2049 summos
1427 1975 1463 2047 in
1485 1974 1663 2050 Medicina
1688 1975 1833 2048 honores

308 2108 444 2168 summa
467 2120 546 2168 cum
571 2096 673 2170 laude
694 2098 842 2195 adeptus
869 2098 1172 2172 Amstelodamum
1201 2121 1237 2169 se
1259 2095 1422 2182 contulit,
1450 2093 1511 2168 ubi
1535 2119 1597 2193 per
1621 2117 1731 2168 annos
1754 2117 1831 2192 sep·

304 2223 375 2288 tem
412 2215 619 2313 peritissimo
652 2217 723 2289 viro
750 2217 988 2316 Schneevoogt
1013 2217 1153 2292 additus
1183 2218 1219 2290 in
1247 2214 1455 2290 Nosocomio
1479 2223 1641 2307 extraneo
1667 2213 1832 2288 omnibus

304 2336 457 2410 medicae
480 2337 563 2410 artis
587 2335 707 2410 officiis
733 2337 1007 2434 muneribusque
1032 2337 1234 2434 perfunctus
1259 2345 1324 2410 est.

353 2455 448 2530 Hinc
479 2456 515 2528 in
552 2464 704 2529 nostram
743 2457 917 2530 civitatem
956 2457 1101 2530 eandem
1135 2466 1254 2530 artem¹
1279 2454 1492 2528 exerciturus
1523 2478 1560 2527 se
1588 2453 1736 2550 recepit,
1770 2451 1833 2526 ubi

306 2599 385 2648 mox
415 2575 638 2675 Pathologiac
671 2576 840 2674 generalis
863 2587 899 2648 et
924 2577 1072 2650 Clinices
1095 2577 1271 2652 Professor
1292 2583 1427 2648 creatus
1449 2573 1537 2648 duos
1565 2573 1704 2646 ultimos
1723 2595 1833 2646 anuos

304 2693 417 2767 brevis
441 2695 516 2768 aevi
539 2696 575 2767 iu
600 2694 827 2768 Academicos
852 2695 1042 2768 iuventutis
1066 2695 1319 2767 institutionem
1344 2691 1527 2787 impendit.

352 2815 449 2884 lnter
469 2837 549 2898 eos,
575 2814 636 2909 qui
660 2813 857 2910 disciplinas
880 2813 1025 2886 feliciter
1050 2815 1290 2898 excoluerunt,
1315 2809 1517 2907 primarium
1543 2809 1745 2884 Schrantius
1767 2810 1829 2883 ob·
1935 2833 1937 2838 ’

302 2930 435 3004 tinebat
465 2931 589 3005 locum.
652 2931 734 3004 Sine
770 2932 998 3006 controversia
1029 2931 1098 3006 luit
1127 2955 1169 3004 ex
1198 2931 1260 3018 iis,
1286 2928 1415 3027 quibus
1440 2929 1476 3002 in
1505 2928 1615 3027 patria
1637 2936 1754 3003 nostra
1772 2955 1831 3005 ex·

299 3050 465 3124 colendae
493 3050 651 3125 Medicas
672 3053 754 3123 artis
780 3075 867 3126 nova
895 3077 935 3126 ac
960 3052 1080 3126 melior
1104 3051 1290 3125 methodus
1314 3057 1350 3123 et
1373 3055 1446 3122 toto
1469 3049 1564 3123 coelo
1579 3049 1624 3124 ab
1639 3049 1832 3147 antiquiore

303 3167 436 3242 diversa
465 3168 642 3244 debeatur.
694 3167 773 3242 Hoc
803 3169 929 3268 agebat
962 3170 1154 3268 imprimis,
1191 3177 1230 3242 ut
1266 3168 1439 3266 quidquid
1470 3193 1532 3267 pro
1559 3193 1638 3244 vero
1664 3169 1833 3268 acciperet

303 3288 404 3362 certis
434 3313 474 3362 ac
509 3288 627 3362 solidis
660 3288 822 3364 scientiae
852 3289 1090 3370 fundamentis
1117 3289 1304 3376 niteretur,
1338 3297 1374 3362 et
1395 3288 1537 3363 haberet
1558 3297 1687 3364 certam
1712 3297 1748 3363 et
1772 3314 1830 3364 ex·

303 3409 470 3506 ploratum
500 3409 606 3482 fidem
640 3409 742 3482 certis
778 3409 1077 3484 observationibus
1112 3409 1305 3484 fundatam.
1366 3409 1555 3506 Postquam
1585 3434 1674 3484 nova
1699 3410 1760 3485 lux
1787 3435 1830 3484 ex

303 3527 524 3601 Rekitanalrii
548 3527 724 3601 laboribus
746 3528 837 3603 clara
860 3529 1010 3618 affulsit,
1037 3531 1128 3604 inter
1151 3529 1280 3627 primos
1303 3527 1505 3603 Schrantius
1527 3529 1573 3603 ad
1595 3530 1683 3604 hanc
1703 3555 1827 3604 novam

302 3647 415 3721 lucem
440 3647 635 3722 studiorum
657 3671 798 3721 suorum
817 3650 985 3723 rationem
1007 3649 1154 3749 dirigere
1176 3649 1293 3747 coepit
1311 3647 1531 3746 eundemque
1545 3673 1686 3724 cursum
1701 3657 1827 3725 tenere.

302 3767 344 3838 ln
379 3775 475 3840 vasto
513 3768 719 3842 Nosocomio
746 3769 1061 3844 Amstelodamensi
1091 3769 1231 3844 abunde
1258 3775 1331 3843 erat
1364 3766 1397 3840 ei
1420 3767 1565 3843 facultas
1590 3775 1626 3844 et
1648 3768 1747 3868 copia
1768 3793 1826 3844 ex-

301 3886 457 3984 periendi
489 3911 550 3984 per
583 3896 692 3962 semet
721 3888 857 3985 ipsum,
890 3889 1016 3988 ecquid
1047 3889 1118 3965 veri
1148 3915 1188 3964 ac
1219 3887 1304 3962 certi
1328 3911 1416 3962 nova
1439 3885 1622 3986 disciplina
1647 3887 1824 3962 Vindobo-

301 4006 418 4080 nensis
455 4007 638 4080 attulisset.
689 4007 770 4080 Non
809 4009 927 4082 minus
959 4035 1063 4108 quam
1097 4009 1190 4084 mille
1219 4035 1259 4084 ac
1294 4006 1443 4080 ducenta
1471 4005 1636 4080 cadavera
1665 4013 1726 4081 aut
1748 4006 1823 4105 ipsa

301 4123 410 4196 secuit
450 4130 512 4197 aut
547 4134 641 4199 secta
671 4123 778 4213 vidit,
811 4126 918 4224 idque
942 4153 983 4201 eo
1010 4135 1084 4202 erat
1107 4127 1157 4202 illi
1184 4126 1415 4215 fructuosius,
1441 4126 1537 4224 quod
1559 4149 1709 4224 quorum
1734 4151 1824 4202 mor·

301 4241 363 4315 bos
391 4243 465 4342 ipse
494 4255 648 4318 curasset
680 4253 716 4319 et
749 4245 985 4336 observasset,
1020 4273 1139 4322 eorum
1175 4247 1417 4322 defunctorum
1441 4271 1583 4346 corpora
1604 4247 1821 4322 exactissima

300 4385 383 4437 cura
416 4363 591 4462 explorare
627 4365 750 4462 potuit.
803 4357 856 4440 Ex
887 4371 962 4465 ipsa
992 4367 1041 4442 rei
1069 4375 1193 4442 nature
1226 4391 1337 4465 quum
1370 4367 1492 4442 eadem
1520 4366 1574 4442 via
1597 4366 1718 4440 ordine
1741 4391 1818 4465 pro·

301 4482 523 4580 graderetur,
558 4493 594 4559 et
630 4486 803 4562 veteribus
841 4486 990 4560 inventis
1024 4511 1113 4562 nova
1147 4512 1282 4586 semper
1317 4487 1479 4575 adderet,
1519 4485 1649 4562 factum
1686 4493 1739 4560 est
1777 4493 1818 4560 ut

302 4601 455 4676 Skodam
491 4605 754 4702 amplecteretur
783 4614 820 4680 et
850 4606 886 4680 in
920 4607 1120 4682 morborum
1146 4618 1270 4684 natura
1296 4605 1549 4708 dignoscenda,
1582 4605 1753 4705 imprimis
1779 4607 1817 4682 in

301 4721 448 4820 pectoris
484 4724 641 4822 organis,
675 4725 876 4798 methodum
913 4725 1090 4823 physicam
1119 4734 1330 4824 sequeretur.
1389 4725 1472 4800 Huc
1504 4723 1689 4800 accedebat
1723 4727 1818 4824 quod

302 4841 503 4916 Schrautius
530 4843 793 4942 diligentissime
820 4843 1042 4946 microscopio
1073 4843 1251 4933 utebatur,
1284 4869 1353 4919 uon
1378 4851 1517 4920 tantum
1545 4843 1656 4920 uteie
1682 4845 1818 4920 morbo·

1651 4965 1674 5040 2
