4926 6178
909 661 1188 730 ORATIO.
1769 665 1813 733 23

284 895 399 948 carere
428 870 602 946 iudicavit.
655 871 727 946 Sed
756 871 898 946 reticere
921 895 992 947 non
1019 873 1151 961 debeo,
1183 871 1276 946 illam
1301 871 1440 946 laudam
1467 873 1710 960 tautummodo
1730 893 1807 972 par·

283 1001 354 1070 aa
383 991 612 1066 anatomicam
648 1003 821 1091 spectare,
856 1017 970 1092 neque
1003 994 1156 1076 eandam¹
1183 994 1219 1066 iu
1250 993 1497 1068 laboratorium
1533 990 1807 1091 physiologicum

281 1113 472 1188 convenire
522 1113 666 1211 Itaque,
700 1113 794 1211 quod
824 1122 906 1188 aute
936 1115 1000 1188 hos
1031 1113 1186 1212 quinque
1214 1133 1323 1188 annos
1347 1123 1382 1186 et
1408 1113 1635 1188 Curatoribus
1659 1111 1808 1200 stillis,
1855 1093 1859 1100 ’

278 1233 343 1332 ,qui
374 1257 547 1308 summam
578 1233 827 1332 rempublicam
862 1233 1105 1324 moderantur,
1141 1243 1263 1308 notam
1292 1233 1376 1321 feci,
1410 1233 1645 1333 exoptandum
1673 1255 1810 1331 semper

280 1363 334 1428 est
367 1363 406 1428 ut
434 1353 577 1452 reliquia
607 1353 803 1428 studiorum
834 1354 1054 1430 adminiculis
1089 1355 1229 1430 accedat
1263 1353 1507 1428 laboratorium
1547 1353 1806 1441 huiuscemodi,

280 1475 375 1572 quod
393 1483 530 1549 nostrae
550 1475 673 1550 aetatis
694 1475 819 1550 studiis
840 1475 1150 1574 progressibusque
1176 1475 1401 1574 respondeat,
1427 1481 1463 1547 et
1487 1482 1526 1548 ut
1538 1473 1666 1572 duplex
1679 1495 1808 1548 munus

281 1594 555 1683 Professorium,
580 1596 674 1694 quod
689 1621 782 1670 nunc
801 1595 886 1668 mihi
900 1596 963 1669 soli
979 1597 1169 1683 incumbit,
1188 1596 1278 1668 iuter
1293 1595 1380 1668 duos
1394 1594 1605 1670 Professores
1623 1593 1806 1668 dividatur.

332 1717 448 1794 Quam
485 1715 529 1789 ait
561 1715 619 1789 illa
651 1716 848 1813 exoptanda
881 1715 1075 1792 studiorum
1106 1716 1248 1815 partitio
1277 1723 1483 1814 argumento
1508 1723 1582 1788 estc
1606 1713 1681 1811 ipse
1703 1715 1811 1790 moles

281 1837 475 1912 studiorum
500 1836 567 1910 late
589 1835 783 1934 patentium
812 1844 848 1909 et
875 1836 912 1910 in
944 1837 1079 1912 diversa
1106 1836 1334 1923 abeuntium,
1361 1859 1450 1934 quae
1472 1834 1557 1908 mihi
1581 1833 1645 1908 soli
1667 1841 1722 1908 eat
1745 1834 1810 1908 im·

277 1956 408 2054 posita,
434 1963 579 2053 atquae
606 1965 702 2030 buta
726 1966 779 2029 ast
803 1967 842 2030 ut
866 1957 1006 2056 utrique
1028 1959 1158 2044 officio,
1183 1965 1353 2055 quantum
1381 1955 1430 2029 rei
1456 1953 1611 2053 gravitas
1634 1953 1808 2052 pettulit,
1899 1969 1906 1986 ·

278 2075 471 2150 satisfacere
501 2101 682 2174 nequeam.
751 2077 822 2150 Uni
852 2078 922 2152 viro
945 2079 981 2152 in
1003 2079 1193 2154 Academia
1219 2077 1544 2175 Lugduuo·Batava
1566 2074 1752 2148 Anatomia
1773 2081 1811 2148 et

276 2194 495 2294 Physiologia
528 2196 779 2285 committitur,
815 2221 929 2296 nequo
959 2207 1100 2272 cavetur
1132 2225 1154 2272 a
1184 2198 1358 2296 periculo,
1393 2205 1431 2270 ut
1454 2197 1658 2270 alterutrum
1684 2219 1725 2270 ex
1754 2194 1814 2270 lria

278 2315 473 2390 Medicinae
496 2316 733 2390 fundamentis
759 2317 874 2391 minus
898 2319 1043 2392 firmiter
1069 2343 1109 2393 ac
1134 2319 1318 2419 diligenter
1342 2317 1584 2392 constituatur.

326 2435 532 2514 Anatomiae
568 2463 648 2513 cum
682 2438 903 2538 Physiclogia
934 2440 1138 2514 coniunctae
1160 2440 1281 2514 eadem
1303 2448 1357 2512 cst
1378 2439 1482 2526 ratio,
1516 2461 1607 2536 quae
1631 2435 1806 2510 Historiae

135 2631 141 2640 ,
275 2558 408 2656 patriae
432 2583 512 2632 cum
534 2558 674 2634 Litteris
697 2559 815 2657 patriis
841 2561 1044 2658 copulatae,
1070 2569 1106 2633 et
1128 2559 1220 2633 luris
1244 2557 1393 2632 Romani
1415 2581 1495 2632 cum
1519 2557 1594 2631 iure
1615 2556 1801 2644 hodierno,

276 2699 365 2776 quaa
401 2677 601 2776 discipliuae
635 2680 780 2753 antchac
814 2704 993 2777 perperam
1027 2679 1132 2752 binae
1165 2679 1312 2776 singulis
1341 2687 1440 2751 erant
1470 2675 1680 2764 attributae,
1711 2696 1808 2749 nuuc

277 2797 449 2894 sapienter
479 2797 625 2894 singolis
660 2800 823 2897 singulae
854 2800 1049 2897 provinciae
1086 2807 1178 2873 sunt.
1230 2799 1314 2896 Ipsa
1342 2798 1392 2870 rei
1416 2805 1541 2870 nmura
1568 2795 1737 2894 postulat,
1765 2803 1805 2868 ut

275 2915 313 2988 ia
348 2915 572 2990 universitate
601 2917 690 2990 bene
721 2918 878 2992 ordinata
908 2918 1065 2992 studiosa
1096 2916 1259 2991 iuventus
1280 2919 1346 2990 sub
1371 2915 1495 2988 idoneo
1520 2925 1556 2989 et
1578 2916 1689 3014 perito
1711 2915 1804 2989 duce

276 3035 425 3136 practica
455 3035 689 3136 physiologiae
723 3036 840 3111 studia
872 3035 973 3134 aequi
1002 3044 1038 3109 et
1066 3035 1176 3110 colere
1211 3035 1329 3132 possit
1390 3031 1550 3130 Requirit
1584 3029 1805 3131 Phyaiolcgia

277 3179 379 3230 suam
415 3156 483 3230 sibi
517 3156 784 3247 laboratorium,
823 3157 1054 3232 Memorem
1089 3181 1203 3231 auum.
1255 3157 1335 3228 Nou
1368 3163 1421 3228 est
1455 3153 1505 3226 illi
1536 3151 1585 3225 rei
1613 3151 1803 3226 Theatrum

276 3276 523 3354 Anatomicum
558 3279 642 3354 satis
673 3279 994 3366 accommodatum,
1020 3279 1076 3352 cui
1100 3278 1161 3376 qui
1186 3271 1321 3376 praeest
1345 3276 1430 3376 qnid
1454 3273 1550 3348 aliud
1573 3281 1707 3372 praeter
1730 3271 1834 3346 mc?

278 3396 424 3470 tbodum
448 3396 596 3472 fideliter
616 3397 797 3473 obscuram
820 3397 960 3496 possit?

327 3517 489 3615 Denique
513 3541 660 3616 provoco
681 3519 727 3594 ad
752 3519 909 3618 exempla
931 3518 1141 3616 reliquarum
1166 3516 1323 3592 omnium
1347 3515 1633 3602 Academiarum,
1660 3523 1696 3587 et
1716 3537 1805 3612 quac

278 3637 371 3735 apud
384 3639 551 3736 nosipsos
563 3639 744 3714 habentur.
770 3641 890 3713 Habet
902 3639 1092 3713 Academia
1101 3638 1311 3726 Traiectina,
1326 3635 1430 3710 habet
1440 3633 1682 3733 Grouiugana‚
1695 3633 1804 3707 habet

277 3757 498 3832 Athenaeum
522 3761 846 3834 Amatelodamausa
870 3785 971 3834 suum
999 3760 1066 3833 sibi
1087 3759 1349 3834 laboratorium
1369 3755 1668 3855 Physiologicum,
1696 3777 1799 3827 suum

275 3877 516 3977 Pleyaiolcgiac
531 3879 783 3968 Prolssscrem,
802 3882 874 3955 sola
892 3882 1048 3955 omnium
1063 3861 1251 3956 Academia
1263 3879 1585 3978 lugduno-Batava
1596 3899 1665 3949 non
1678 3873 1794 3952 habet.

327 3997 471 4102 Utinam
491 4023 569 4074 mor
595 4001 654 4074 ille
672 4022 785 4075 rerum
807 4003 974 4078 saracin
998 4002 1122 4075 mebus
1143 4009 1375 4086 convertatur,
1399 4007 1434 4072 et
1453 3999 1522 4070 voti
1543 4019 1684 4094 compos
1707 4003 1803 4068 totns

277 4117 313 4192 in
338 4119 526 4194 Anatomia
546 4119 662 4194 virens
687 4121 722 4194 in
751 4122 938 4198 Anatomia
961 4123 1116 4198 ducenda
1136 4145 1294 4220 superem
1321 4143 1377 4193 me
1403 4119 1538 4218 ipsum!

327 4360 548 4458 Quicumque
576 4385 634 4434 ma
657 4362 756 4435 audit
782 4366 973 4462 praesentis
999 4362 1205 4438 conditionis
1229 4363 1320 4434 bona
1345 4360 1394 4434 ita
1420 4357 1619 4432 laudantem
1633 4365 1685 4429 ‘ut
1711 4353 1804 4428 mala

277 4503 346 4552 nan
371 4488 522 4568 taccam,
547 4483 642 4578 apud
664 4483 817 4557 animum
842 4509 945 4558 sumn
971 4484 1136 4582 cogitabit
1159 4483 1202 4556 de
1225 4480 1435 4555 Ncsocomio
1456 4475 1680 4560 Academico,
1706 4471 1800 4570 quod
1891 4561 1893 4566 Ι

277 4623 412 4697 semper
438 4600 558 4674 eodem
584 4611 677 4676 ndu
701 4612 775 4691 est,
798 4629 870 4702 quo
895 4613 997 4680 antea
1025 4605 1112 4692 fuit,
1139 4603 1176 4678 id
1204 4611 1258 4676 est
1282 4602 1410 4674 misero
1434 4607 1471 4671 et
1493 4593 1702 4670 calamitoso.

324 4719 415 4794 Nolo
440 4720 543 4796 huius
568 4721 639 4796 riiei
661 4723 826 4797 laetitiam
853 4749 1069 4822 corrumpere
1094 4723 1256 4798 iterando
1278 4721 1434 4819 querelas
1460 4729 1529 4794 tam
1559 4717 1671 4790 iustas
1693 4737 1798 4816 quam

276 4840 396 4914 crabro
426 4842 602 4940 repetitas.
649 4843 729 4916 Non
766 4853 902 4918 mutam
935 4845 1143 4920 Academica
1173 4844 1346 4918 institutio
1377 4865 1419 4916 ex
1445 4841 1506 4915 illa
1527 4839 1651 4914 inertia
1674 4834 1798 4932 accipit
