4870 6184
635 777 638 784 Ι
720 680 914 748 sorios
938 679 1283 749 soomorou.
1446 661 1451 674 '
1721 675 1773 751 aa

238 897 276 958 B.
296 896 330 957 P.
349 896 386 958 Δ.
408 895 515 958 Dour
527 885 727 964 Historiam
761 889 1029 965 uniuersalam
1023 889 1237 990 explicabit,
1200 888 1400 964 tdiohus
1437 888 1580 978 Lanam

283 1005 412 1082 Martis
431 1013 474 1080 et
501 988 698 1096 Mercurii,
740 1065 1583 1087 ........................
1609 1009 1691 1086 hora
1707 1008 1773 1085 XI.

335 1125 458 1201 Varios
492 1127 584 1202 locos
617 1127 779 1203 historiae
806 1130 880 1204 aevi
904 1132 1010 1205 medii
1038 1141 1073 1206 et
1099 1132 1261 1207 historiae
1295 1131 1493 1206 recentioris
1522 1157 1579 1206 ex·
1644 1219 1648 1225 ,

382 1255 511 1346 ponet,
535 1247 662 1321 diebus
686 1248 807 1324 Lunae
831 1259 867 1324 et
892 1249 1078 1341 Mercurii,
1128 1309 1542 1329 ............
1746 1251 1776 1326 I.

232 1353 238 1364 ’
336 1367 471 1444 Literas
507 1368 694 1457 Arabicas,
730 1369 933 1446 Chaldaicos
959 1379 994 1445 et
1018 1371 1175 1470 Syriacas
1208 1372 1362 1460 docebit,
1386 1371 1443 1446 dia
1465 1370 1575 1460 Iovis,
1632 1370 1769 1460 IetII,

434 1498 471 1562 et
496 1489 552 1562 die
576 1488 743 1579 Veneris,
1017 1546 1572 1568 ................
1723 1490 1772 1565 ll.

336 1608 555 1707 Scriptorum
588 1609 818 1685 Arabicarum
846 1611 938 1685 locos
964 1611 1106 1686 selectos
1129 1610 1430 1710 interpretabitur,
1454 1610 1578 1684 diebus

324 1785 327 1790 .
384 1729 505 1802 Lunae
530 1737 565 1803 et
591 1729 715 1802 Martis
726 1787 1582 1818 ........................
1723 1729 1772 1805 ΙΙ.

236 1857 278 1919 Μ.
299 1857 352 1918 Du
377 1857 492 1918 rmus
513 1849 1056 1950 linguam=Literasquepatrias
1069 1849 1278 1950 explicabit,
1304 1849 1427 1924 diebus
1440 1847 1583 1936 Lunae,

283 1967 410 2044 Martis
429 1976 470 2041 et
497 1969 694 2056 Mercurii,
732 2025 1580 2046 ........................
1724 1968 1773 2044 ΙΙ.

289 2119 295 2132 ’
335 2088 511 2186 Linguam
550 2088 760 2186 Literssque
796 2091 927 2190 patrias
963 2091 1078 2184 medii¹
1114 2091 1188 2165 aevi
1218 2083 1422 2190 explicabit,
1452 2087 1580 2164 'dicbus

381 2211 506 2285 Martis
531 2217 567 2282 ct
592 2210 729 2298 Iovis,
760 2267 1100 2286 ..........
1101 2231 1102 2234 ’
1128 2267 1581 2286 .............
1702 2209 1773 2284 III.

330 2331 504 2430 Linguam
519 2331 727 2429 Literasque
742 2330 868 2428 patrias
880 2331 1007 2405 saeculi
1019 2331 1125 2404 XVII
1138 2331 1347 2430 explicabit,
1361 2331 1418 2405 dia
1431 2331 1579 2420 Martis,
1742 2329 1772 2404 I.

331 2450 386 2523 De
424 2451 544 2550 lingua
580 2452 695 2549 patria
729 2471 814 2548 pure
847 2458 882 2524 et
918 2451 1093 2549 eleganter
1114 2451 1300 2526 scribenda
1323 2457 1421 2550 agat,
1442 2449 1578 2526 ‘additis

385 2571 557 2644 exercitiis
589 2573 769 2670 poeticis,
796 2572 888 2646 horis
914 2581 1032 2672 postea
1058 2573 1513 2647 constituendis·

332 2689 537 2765 (torminum
571 2687 677 2766 medii
706 2692 785 2767 sevi
816 2691 1133 2790 interpretationem
1173 2691 1326 2766 criticam
1350 2679 1575 2834 provectiores

381 2810 539 2899 docebit,
566 2811 622 2885 die
649 2811 776 2886 Martis
787 2867 1563 2898 ......................
1708 2803 1773 2879 VI·

331 2929 603 3028 Linguamt
533 2932 603 3004 Get
604 2931 716 3005 hiram
740 2930 872 3018 t‚redet
898 2930 953 3004 die
978 2930 1079 3028 locist
1095 2983 1580 3020 ..............
1732 2909 1776 3014 l,

430 3059 465 3123 et
489 3047 635 3124 Veneris
646 3102 1577 3139 ..........................
1698 3045 1768 3119 IIl.

230 3242 232 3246 ,
332 3168 507 3268 Linguam
536 3170 876 3270 Angla-Saxonicum
901 3178 937 3244 et
961 3169 1121 3244 Veterem
1156 3167 1322 3242 Frisioam
1346 3167 1478 3254 tradet,
1503 3164 1575 3239 die·

380 3289 448 3364 bus
472 3298 508 3365 et
531 3291 623 3365 horis
648 3291 865 3366 auditoribus
889 3289 1098 3366 commodis.

333 3407 512 3485 Vocabula
540 3411 575 3486 in
609 3411 685 3486 iura
718 3412 828 3512 patrio
863 3411 1006 3510 antiquo
1029 3411 1065 3484 in
1093 3409 1259 3486 hodierno
1291 3409 1417 3484 usitata
1443 3414 1573 3505 etymo·

382 3530 491 3630 logice
516 3532 722 3630 explicabit,
748 3533 819 3608 hoa
853 3543 971 3630 postea
996 3531 1168 3606 constitue
1183 3531 1264 3605 nda.

236 3657 270 3720 r.
291 3657 415 3720 raum
455 3651 645 3726 Historiam
682 3651 817 3726 Patriae
852 3653 985 3740 tradet,
1024 3651 1148 3725 diebus
1181 3649 1372 3736 Mercurii,
1410 3646 1502 3720 Iovis
1537 3652 1573 3718 et

287 3767 451 3858 Veneris,
498 3821 1572 3848 ..............................
1737 3761 1766 3836 I·

336 3891 526 3966 Historiam
554 3892 732 3968 Politioam
756 3893 870 3991 Belgii
894 3892 1060 3968 foederati
1086 3890 1248 3978 docebit,
1273 3889 1397 3963 diebus
1421 3885 1514 3962 Iovis
1539 3891 1575 3959 et

382 4010 529 4086 Veneris
541 4063 1571 4101 .............................
1700 3999 1767 4075 XI·

238 4138 284 4199 w.
305 4139 342 4202 G.
363 4141 568 4204 Phoronea
599 4133 881 4234 interpretabitur
915 4134 1063 4208 Liviil.
1088 4130 1257 4207 2.er
1293 4136 1329 4202 et
1363 4125 1509 4214 XXVI,
1539 4131 1575 4198 et

287 4249 461 4326 Ciceronis
495 4255 689 4329 Caelianum
717 4255 842 4329 diebus
864 4255 1005 4342 Lunae,
1031 4253 1157 4328 Martis
1182 4261 1217 4326 et
1242 4247 1409 4325 Mercurii
1417 4301 1572 4336 .....
1701 4238 1770 4338 IX,

334 4372 572 4470 Antiquitates
597 4375 747 4450 Graecas
772 4375 911 4450 docebit
936 4375 992 4450 die
1017 4375 1163 4462 Martis,
1197 4422 1571 4448 ...........
1686 4360 1768 4478 .H’

432 4503 467 4566 et
492 4494 549 4568 die
574 4496 685 4584 lovis,
720 4539 1568 4572 ........................
1698 4479 1766 4559 ΙΧ.

334 4611 548 4709 Scriptorum
584 4613 789 4690 Latinorum
815 4618 957 4692 selectos
984 4617 1075 4691 locos
1096 4607 1354 4713 Philologorum
1379 4604 1572 4682 iunioribus

387 4731 596 4832 ⁰¹Pll⁰³bll‚
622 4734 678 4808 dle
703 4735 823 4812 Lunae
848 4745 883 4811 et
909 4735 1074 4812 Mercurii
1081 4781 1568 4825 ,,,,,,,,,,,,,,
1725 4721 1766 4810 Ι

331 4911 335 4920 ·
433 4851 490 4926 die
515 4853 607 4928 Iovis
616 4904 1569 4934 ,,,,,,,,,,,,,,,,,,,,,,,,,,,
1571 4839 1763 4916 vl1.1x
