4926 6178
675 667 718 748 to
1186 681 1693 752 uurrnanrsus

680 888 816 964 amoeni
848 889 938 963 horti
972 890 1115 965 modum
1153 891 1335 968 frondibus
1370 890 1698 991 semperuirentibus
1731 890 1959 977 circumdata,
1994 888 2089 986 quod
2115 893 2204 962 tam·

678 1035 782 1109 quam
805 1033 906 1084 omen
928 1018 964 1084 et
987 1012 1172 1110 augurium
1197 1014 1242 1088 sit
1266 1013 1464 1113 disciplinas
1487 1035 1626 1112 quoque
1651 1013 1739 1088 laete
1763 1033 1913 1086 crescere
1937 1015 1972 1083 et
1998 1008 2129 1084 florere.

726 1131 807 1204 Non
831 1137 966 1204 tantum
987 1131 1134 1230 Physica
1155 1141 1190 1208 et
1214 1133 1362 1232 Chymia
1383 1132 1517 1208 Museis
1542 1133 1614 1206 suis
1637 1131 1852 1233 fulgentibus
1872 1131 2050 1231 gaudent,
2076 1129 2205 1204 hahent

679 1275 818 1350 quoque
848 1251 939 1325 viros
971 1251 1213 1350 peritissimos,
1249 1279 1397 1353 quorum
1422 1277 1526 1352 opera
1551 1253 1714 1351 Physices
1738 1261 1774 1326 at
1801 1251 1969 1350 Ohymiae
1992 1251 2204 1325 Professores

680 1381 838 1446 utuntur.
889 1371 947 1446 Ad
979 1372 1108 1448 maiora
1143 1373 1269 1447 vocatis
1300 1373 1380 1448 viria
1417 1371 1645 1458 doctissimis,
1677 1371 1906 1446 Moddermen
1931 1380 1966 1448 et
1990 1371 2134 1458 Ieron,
2160 1369 2206 1446 ed

679 1493 827 1566 illorum.
848 1491 1097 1566 successionem
1132 1492 1241 1567 vocati
1265 1501 1347 1568 sunt
1373 1491 1598 1566 eruditissimi
1622 1491 1783 1566 Teerlink
1809 1499 1845 1565 et
1869 1515 1933 1566 van
1958 1489 2102 1578 (falken,
2127 1489 2205 1588 qui·

681 1612 749 1686 bus
776 1611 906 1710 optime
928 1612 1142 1688 merentibus
1167 1614 1256 1688 hanc
1275 1614 1547 1713 procurationem
1572 1613 1720 1688 delatam
1742 1637 1817 1687 esse
1833 1613 1923 1688 inter
1942 1635 2062 1688 omnes
2082 1610 2205 1685 harum

678 1756 794 1807 rerum
820 1733 947 1830 peritos
972 1733 1055 1808 satis
1079 1741 1228 1810 constat.

617 1841 619 1846 ¹
731 1853 785 1926 De
817 1852 993 1926 nonnullis
1023 1853 1135 1928 dicam
1162 1855 1265 1952 paulo
1293 1854 1485 1954 copiosius,
1520 1864 1558 1929 ut
1579 1854 1792 1952 intelligatur
1815 1853 1850 1927 iu
1873 1875 2034 1951 prospero
2057 1859 2092 1926 et
2117 1852 2205 1926 laeto

682 1978 777 2045 statu
810 1971 1053 2070 plerorumque
1087 1955 1265 2070 superesse
1297 1981 1410 2050 tamen
1439 1973 1614 2061 nonnihil,
1640 1974 1734 2072 quod
1762 1982 1951 2049 correctum
1982 1981 2018 2048 et
2044 1972 2206 2047 ernenda-

682 2101 759 2164 tum
791 2091 884 2166 velia.
936 2092 1102 2191 Concipio
1140 2094 1291 2193 aliquam
1324 2117 1418 2192 spem
1453 2094 1569 2168 animo
1602 2093 1760 2168 futurum
1794 2119 1889 2182 esse,
1923 2101 1964 2166 ut
1990 2092 2048 2166 illa
2076 2092 2207 2165 iocom·
2353 2189 2355 2196 Ι

683 2211 807 2298 moda,
843 2210 905 2284 ubi
938 2213 1044 2286 semel
1077 2214 1188 2311 palam
1223 2214 1312 2288 facta
1338 2215 1424 2302 sint,
1450 2215 1635 2314 aliquando
1663 2215 1848 2300 tollantur,
1875 2212 1982 2287 etsie
2006 2233 2207 2311 meoperee

681 2332 834 2430 pretinm
859 2330 1031 2406 facturum
1056 2335 1201 2444 confido.

732 2571 906 2649 Quoniam
945 2571 1157 2646 Herbarium
1189 2572 1372 2647 Publioum
1407 2575 1565 2672 angustis
1593 2573 1743 2663 finibus,
1770 2573 1899 2672 quibus
1926 2572 2040 2648 adhuc
2063 2570 2209 2645 eircum-

683 2691 865 2778 scribitur,
903 2700 994 2764 recte
1029 2695 1196 2768 contineri
1234 2719 1301 2768 nou
1329 2703 1481 2792 poterat,
1510 2696 1639 2794 placuit
1667 2697 1829 2794 plasticae
1855 2703 1890 2768 et
1916 2691 2098 2792 graphione
2124 2691 2206 2764 artis

681 2811 881 2898 thesauros,
915 2813 951 2884 in
984 2811 1108 2888 iisdem
1139 2814 1285 2888 aedibus
1320 2823 1529 2903 asservatos,
1563 2817 1800 2891 transferrem
1824 2815 1900 2890 illas
1926 2815 2050 2900 aedes,
2076 2812 2206 2910 quibus

681 2930 826 3004 antehac
848 2930 1058 3004 clarissimus
1079 2931 1205 3006 Kaisar
1229 2932 1401 3006 utebatur.
1455 2933 1549 3008 Olim
1570 2935 1751 3010 consilium
1774 2936 1885 3011 fuerat
1909 2935 1971 3012 has
1991 2935 2085 3034 ipsas
2105 2932 2209 3006 aedes

680 3050 724 3124 ad
751 3049 946 3124 studiorum
970 3073 1072 3124 usum
1097 3051 1374 3139 accommodare,
1398 3061 1433 3128 et
1460 3077 1547 3128 nova
1569 3054 1668 3129 iniis
1694 3057 1863 3131 auditoria
1891 3077 2098 3154 comparare.
2137 3051 2208 3125 Sed

683 3195 724 3246 ea
758 3195 837 3268 spes
869 3171 995 3244 frustra
1027 3171 1093 3244 fuit
1130 3171 1318 3270 fefellitque
1350 3195 1486 3260 ornnes,
1523 3175 1651 3273 quibus
1687 3187 1759 3251 erat
1788 3183 1989 3276 exoptatum
2015 3171 2205 3260 auditoria,

684 3299 854 3389 quantum
888 3289 962 3362 eius
997 3291 1071 3363 fieri
1106 3293 1296 3390 potuisset,
1332 3317 1374 3366 ex
1411 3293 1551 3393 privetis
1585 3295 1732 3370 aedibus
1756 3297 1893 3371 sublata
1918 3297 1954 3368 iu
1981 3319 2086 3368 unam
2114 3317 2205 3367 oom-

683 3435 825 3485 munem
850 3417 885 3482 et
911 3410 1128 3484 commodam
1154 3417 1189 3484 et
1214 3412 1397 3510 spatiosam
1428 3413 1544 3486 aedem
1569 3415 1734 3490 contrahi.

730 3531 822 3603 Fieri
855 3537 968 3628 potest
1003 3538 1138 3618 tamem
1177 3537 1216 3602 ut
1250 3529 1307 3604 illa
1340 3531 1549 3628 exspectatio
1581 3555 1650 3606 non
1680 3541 1751 3610 tam
1777 3535 1890 3622 elusa,
1917 3557 2023 3632 quam
2049 3533 2085 3604 in
2113 3527 2206 3603 aliud

684 3661 823 3748 tempus
859 3650 965 3724 dilata
1001 3673 1075 3724 essa
1113 3650 1278 3725 videatur.
1330 3651 1420 3724 Ilieri
1452 3659 1566 3749 potest
1602 3660 1642 3726 nt
1677 3629 2014 3750 dissuasorem
2043 3675 2150 3724 manu
2174 3655 2208 3722 et

683 3779 852 3870 potestate
872 3777 924 3844 est
944 3791 1081 3844 summa
1099 3793 1212 3844 rerum
1226 3767 1540 3858 Academicorum,
1566 3773 1698 3870 placeat
1718 3773 1904 3871 aliquando
1926 3795 2052 3871 ponere
2071 3777 2208 3844 vastum

682 3890 878 3964 aedificium
899 3890 1164 3976 Academicum,
1186 3890 1277 3964 intra
1299 3891 1398 3964 cuius
1418 3891 1591 3966 ambitum
1615 3893 1786 3968 auditoria
1804 3895 1921 3968 omnia
1941 3894 2207 3991 coniungantur.

732 4013 874 4088 Quanto
897 4010 960 4083 hoc
983 4011 1139 4084 omnium
1164 4011 1290 4109 plausu
1314 4017 1349 4084 et
1373 4009 1504 4084 laetitia
1527 4011 1684 4087 futurum
1708 4039 1783 4088 esse
1807 4013 2025 4088 censeamusl
2067 4011 2213 4086 Desinet

683 4131 730 4204 sic
754 4130 908 4204 studiosa
932 4131 1102 4220 iuventus,
1118 4131 1186 4204 huc
1209 4131 1291 4204 illuc
1313 4155 1356 4204 ex
1382 4131 1457 4204 aliis
1482 4132 1516 4204 iu
1536 4133 1603 4206 alia
1618 4133 1790 4208 auditoria
1804 4135 1995 4233 trepidare,
2022 4140 2057 4206 et
2073 4122 2213 4229 saepius

681 4252 717 4324 in
743 4250 801 4324 illa
828 4251 1097 4348 trepidationes
1122 4259 1214 4326 recta
1238 4251 1291 4324 via
1320 4250 1518 4339 deflectere,
1542 4259 1577 4326 et
1597 4253 1634 4326 in
1659 4254 1806 4354 scopulis
1829 4255 1986 4341 haerere,
2014 4261 2049 4326 et
2073 4253 2110 4326 in
2134 4250 2214 4324 bre·

684 4372 737 4444 via
768 4371 902 4458 delabi,
927 4383 962 4445 et
983 4371 1018 4445 in
1043 4382 1182 4470 portum
1211 4373 1362 4470 denique
1388 4395 1456 4445 nou
1482 4374 1668 4470 parvenire.
1721 4375 1888 4448 Desineut
1911 4372 2097 4472 aliquando
2121 4373 2217 4445 Aca-

683 4491 807 4564 demici
837 4493 993 4565 doctores
1028 4492 1160 4566 includi
1187 4501 1222 4565 et
1248 4491 1410 4589 impediri
1434 4491 1597 4564 auditorii
1621 4492 1791 4589 angustiis
1813 4501 1876 4566 aut
1898 4491 2049 4564 tenebris
2074 4498 2138 4566 eut
2160 4489 2220 4561 in-

680 4611 869 4686 commodis
894 4635 998 4685 omna
1026 4635 1148 4710 genus.
1200 4611 1390 4709 Emergent
1414 4612 1463 4684 sio
1490 4635 1610 4686 omnes
1636 4619 1673 4685 et
1698 4611 1802 4688 altius
1828 4612 2023 4686 evolabunt.

732 4730 805 4802 Cur
835 4755 900 4830 ego
931 4757 1000 4806 non
1038 4733 1151 4829 palam
1185 4739 1302 4804 votum
1336 4732 1511 4829 concipio,
1543 4731 1637 4829 quod
1666 4731 1799 4806 dudum
1824 4757 1845 4806 a
1875 4732 1994 4805 multis
2018 4729 2137 4804 auimo
2161 4735 2228 4801 est

681 4859 908 4949 conceptum,
938 4852 1028 4939 fore,
1068 4861 1107 4925 ut
1138 4851 1239 4926 tertia
1271 4852 1476 4940 saecularia,
1508 4875 1597 4950 quae
1630 4853 1780 4939 instant,
1816 4852 1920 4927 etiam
1950 4851 2015 4925 hac
2041 4850 2086 4924 de
2109 4869 2230 4923 causa
