4926 6178
603 1539 763 1655 null
791 1540 871 1652 ET
900 1539 1096 1653 casm
1125 1541 1194 1656 IN
1223 1537 1490 1672 SENATU,

490 1831 553 1911 ΙΝ
598 1831 948 1915 ACADEMlA
993 1831 1605 1958 ΒΠΕΒΗΝΟ-ΒΑΤΑῩΑ.

958 2565 1002 2639 Α.
1030 2567 1136 2640 1864.

289 2819 358 2896 Die
392 2821 437 2894 18
461 2844 509 2895 m.
535 2819 640 2894 lunii.
703 2821 908 2896 Recitantur
932 2823 1066 2898 litterae
1089 2825 1299 2899 Cunctorum
1323 2820 1358 2896 d.
1382 2821 1417 2895 d.
1441 2823 1488 2895 29
1511 2818 1614 2894 Febr.
1645 2817 1814 2894 Senatum

452 2938 631 3014 certiorem
654 2937 854 3014 facientium
881 2939 1119 3016 Bibliothecae
1141 2940 1367 3018 Academicae
1389 2962 1637 3016 amanuensem
1658 2949 1814 3016 creatum

452 3081 527 3132 esse
549 3057 661 3132 virum
684 3056 774 3132 doct.
801 3057 858 3134 W.
887 3059 934 3133 N.
958 3058 1007 3133 du
1033 3058 1135 3135 Rieu.
1798 3041 1802 3052 ’

499 3177 706 3254 Recitantur
744 3177 877 3252 litterae
921 3179 1131 3256 Curatorum
1166 3180 1200 3256 d.
1235 3180 1271 3258 d.
1310 3183 1332 3254 5
1368 3178 1471 3280 April
1513 3179 1658 3256 Senatui
1687 3185 1812 3255 uotum

450 3297 651 3374 facientium
682 3299 719 3373 in
752 3299 867 3375 locum
891 3299 954 3374 viri
975 3301 1017 3377 cl.
1042 3301 1157 3391 Oook,
1185 3325 1207 3378 a
1233 3301 1330 3400 Rege
1351 3299 1613 3399 Angustissimo
1638 3299 1813 3376 Professo-

448 3441 523 3493 rem
564 3417 788 3494 Ordinarium
829 3419 866 3493 in
903 3421 1083 3497 Facultate
1120 3420 1273 3498 Imidice
1311 3427 1466 3497 creatum
1503 3444 1579 3496 esse
1616 3419 1729 3496 virum
1768 3421 1811 3499 cl

451 3537 481 3612 I.
507 3538 547 3614 'u
572 3537 687 3643 Buijs.

500 3659 705 3734 meantes
735 3661 868 3736 litterae
895 3661 1105 3735 Cunctorum
1129 3659 1163 3736 d.
1184 3661 1219 3736 d.
1236 3663 1265 3734 ’2
1288 3661 1384 3736 Iunii
1408 3661 1554 3737 Senatui
1574 3659 1816 3737 nunciantium

452 3778 595 3877 aRege
617 3781 878 3879 Angustissimo
904 3779 1134 3856 Professorem
1161 3781 1386 3858 Ordinarium
1409 3781 1447 3856 in
1472 3781 1652 3858 Facultate
1672 3779 1813 3856 Medica
1863 3861 1866 3864 .

451 3905 606 3972 creatum
626 3901 706 3974 'esse
732 3901 844 3976 virum
870 3901 1013 3976 docti.
1039 3901 1079 3977 O.
1104 3903 1148 3978 G.
1176 3902 1293 3978 livera.

499 4017 706 4094 Recitantur
737 4021 871 4096 litterae
902 4022 1052 4096 Senatus
1079 4021 1288 4097 Academiae
1315 4021 1560 4122 Groninganae
1589 4022 1719 4096 ducse
1748 4020 1808 4094 Se·

451 4145 538 4212 natu
575 4138 741 4214 leidensi
774 4141 987 4216 Professores
1022 4142 1068 4218 ad
1091 4141 1361 4219 concelebranda
1383 4141 1592 4218 Academiae
1614 4139 1808 4240 Groninga·

451 4281 517 4334 nae
540 4259 815 4336 semisaecnlaria
838 4259 1083 4336 officiosissime
1104 4260 1294 4336 invitantis.

498 4377 636 4453 Placuit
667 4403 745 4454 eam
780 4402 854 4453 rem
887 4380 1052 4454 mandare
1073 4379 1214 4455 Rectori
1238 4379 1429 4480 Magnifica
1448 4389 1485 4454 et
1507 4379 1672 4456 Actuario
1694 4385 1750 4468 et,
1776 4377 1807 4452 si

453 4496 531 4595 quis
543 4521 662 4572 eorum
681 4498 740 4573 illo
755 4507 902 4574 munere
919 4499 1020 4600 fungi
1040 4524 1109 4575 non
1130 4508 1264 4601 posset,
1283 4523 1365 4576 eum
1379 4498 1558 4600 sublegere
1574 4499 1637 4599 qui
1648 4497 1806 4600 proxima

449 4616 616 4692 memoria
642 4617 808 4694 alterutro
829 4619 940 4696 officio
962 4621 1104 4696 functus
1123 4628 1224 4696 esset.
1274 4621 1400 4718 Itaque
1420 4619 1483 4695 viri
1503 4619 1546 4696 cl.
1566 4620 1607 4696 0.
1628 4621 1672 4698 G.
1693 4619 1807 4696 (tebet

451 4740 487 4808 et
516 4735 546 4810 l.
570 4735 599 4811 I.
627 4737 748 4827 Prins,
779 4738 952 4844 designati
982 4749 1064 4814 sunt
1095 4741 1157 4840 qui
1184 4737 1400 4842 Groningam
1424 4739 1471 4817 ad
1491 4739 1805 4842 congratulandum

449 4853 676 4934 mitterentur.

1583 4981 1635 5056 4*
