4926 6178
663 649 707 714 24
1177 639 1686 711 nunnnnarsaa

666 855 934 940 detrimentum,
966 853 1042 950 ipsa
1075 852 1271 926 humanitas
1303 849 1452 949 graviter
1477 849 1636 924 laeditur.
1690 847 1866 921 Horribile
1890 847 2006 935 dictu,
2033 845 2195 922 horribile

665 975 789 1050 auditu
813 960 885 1061 est,
908 972 1175 1058 Nosocomium,
1200 971 1362 1056 sanandis
1386 971 1515 1045 morbis
1537 969 1768 1056 destinatum,
1789 968 2087 1065 itecomparatum
2103 992 2194 1057 esse,

667 1103 707 1168 ut
733 1119 838 1168 novos
864 1092 1001 1166 morbos
1028 1091 1158 1189 pariat,
1185 1091 1366 1165 et·leviter
1392 1091 1533 1166 affectos
1560 1089 1733 1164 mortifera
1759 1087 1836 1161 labe
1861 1096 2036 1162 contactos
2058 1088 2104 1161 ad
2129 1088 2193 1163 im-

667 1225 837 1290 maturam
867 1237 987 1287 necem
1016 1211 1135 1308 rapiat.
1188 1211 1363 1285 Horribile
1393 1213 1490 1285 dictu
1515 1211 1553 1284 id
1581 1219 1654 1297 est,
1681 1209 1742 1282 sed
1770 1233 1885 1282 rerum
1913 1208 2110 1282 testimonia
2133 1209 2191 1282 ad·

665 1344 756 1409 sunt.
807 1333 921 1431 Attigi
947 1331 1050 1404 verbo
1074 1331 1168 1429 quod
1194 1341 1246 1404 cst
1270 1331 1534 1429 gravissimum,
1560 1338 1693 1404 caetera
1719 1329 1856 1402 silentio
1879 1329 2082 1428 praeteribo.
2212 1411 2216 1422 ⁴

713 1455 792 1528 Non
824 1451 989 1526 refricabo
1024 1445 1137 1526 vetera
1172 1452 1330 1540 vulnera;
1361 1459 1431 1526 tam
1470 1475 1572 1550 saepe
1604 1450 1647 1524 de
1677 1475 1718 1523 ee
1750 1474 1786 1522 re
1820 1458 1936 1522 actum
1965 1459 2018 1523 est
2044 1457 2084 1522 ut
2108 1449 2195 1524 nihil

663 1575 743 1648 novi
774 1573 856 1647 addi
889 1572 1008 1670 possit.
1060 1573 1120 1644 Me
1143 1571 1276 1659 iudice,
1305 1573 1407 1671 culpa
1433 1597 1502 1646 non
1528 1581 1581 1646 cst
1606 1571 1717 1669 magis
1741 1569 1947 1644 conseranda
1969 1570 2005 1642 in
2030 1595 2108 1659 eos,
2134 1569 2196 1669 qui

664 1718 822 1780 summae
855 1694 904 1766 rei
938 1701 1119 1792 praesunt,
1152 1716 1257 1790 quam
1288 1692 1323 1766 in
1356 1693 1465 1792 ipsam
1498 1692 1718 1791 popularium
1751 1702 1945 1764 nostrorum
1975 1701 2133 1764 naturam
2159 1697 2195 1764 et

664 1813 864 1912 ingenium,
901 1813 996 1910 quod
1029 1811 1099 1886 lere
1135 1838 1154 1886 a
1190 1813 1404 1887 Nosocomiis
1439 1811 1587 1911 publicis
1624 1811 1794 1886 abhorret.
1846 1811 1912 1884 Vix
1950 1820 1985 1884 et
2013 1811 2196 1886 difficulter

664 1942 822 2033 aegrotos
861 1930 1080 2031 pauperiores
1110 1956 1150 2004 eo
1180 1933 1383 2030 compellas,
1419 1942 1457 2006 ut
1481 1957 1562 2006 suas
1586 1933 1706 2030 inopes
1731 1931 1902 2006 aediculas
1928 1941 1963 2004 et
1988 1957 2069 2006 suos
2092 1932 2193 2006 relin-

664 2061 774 2150 quant
806 2061 841 2128 et
870 2053 906 2126 in
940 2052 1187 2126 Nosocomium
1220 2078 1257 2126 se
1286 2053 1392 2152 recipi
1419 2053 1604 2150 patiantur.
1655 2053 1780 2150 Neque
1802 2053 1942 2126 ditiores
1964 2053 2046 2126 satis
2068 2052 2194 2126 intelli·

666 2199 747 2272 gere
773 2173 950 2260 videntur,
975 2181 1146 2270 quantum
1172 2173 1217 2246 sit
1241 2173 1276 2246 in
1300 2173 1400 2246 bonis
1426 2173 1642 2248 Nosocomiis
1664 2173 1755 2247 boni.
1796 2174 2015 2248 Intellectum
2032 2173 2068 2246 id
2085 2197 2195 2270 nuper

665 2302 717 2366 est
730 2293 1003 2382 Amstelodami‚
1024 2319 1133 2391 quum
1155 2293 1199 2368 de
1215 2295 1421 2370 Nosooomio
1437 2304 1598 2369 extraneo
1614 2295 1759 2368 diversis
1775 2294 1954 2368 sententiis
1969 2302 2192 2394 pugnaretur.

715 2416 844 2488 Actum
881 2423 934 2490 est
971 2414 1015 2488 de
1049 2415 1201 2488 moribus
1233 2421 1269 2486 et
1303 2413 1489 2486 virtutibus
1523 2413 1692 2488 maiorum
1727 2421 1942 2501 nostrorum,
1973 2413 2034 2511 qui
2059 2437 2195 2486 summa

664 2559 729 2632 ope
763 2544 798 2610 et
827 2535 936 2609 effusa
970 2535 1173 2609 liberalitate
1207 2534 1414 2608 calamitosis
1447 2543 1482 2608 et
1520 2535 1651 2608 miseris
1685 2533 1847 2632 coniugia
1878 2559 1997 2632 parare
2027 2533 2192 2607 solebant.

664 2653 768 2728 Nunc
804 2653 960 2728 homines
993 2655 1096 2752 vulgo
1130 2665 1212 2728 sunt
1245 2657 1430 2754 paratiores
1463 2681 1545 2754 opes
1581 2681 1661 2730 sues
1695 2653 1871 2728 effundere
1907 2655 1943 2726 in
1972 2679 2030 2743 ea,
2066 2653 2195 2751 quibus

665 2771 772 2845 animi
792 2771 985 2860 salventur,
1007 2796 1112 2868 quarn
1133 2772 1262 2869 quibus
1282 2782 1447 2846 curentur
1466 2798 1618 2872 corpora.
1656 2773 1848 2848 Laudabile
1870 2775 1933 2849 hoc
1957 2775 2095 2872 quidem
2121 2781 2194 2862 est,

666 2891 726 2964 sed
748 2892 795 2964 ita
819 2899 858 2964 ut
882 2891 1006 2964 modus
1028 2915 1096 2965 uon
1125 2893 1320 2966 excedatur.
1372 2895 1552 2991 Apparent
1568 2895 1735 2992 paulatim
1752 2895 1894 2968 sanioris
1912 2895 2037 2968 mentis
2050 2893 2194 2992 vestigia

665 3011 847 3108 quaedem.
899 3011 1030 3085 Balnea
1058 3021 1239 3112 parantur,
1274 3014 1488 3112 gymnastica
1511 3040 1566 3088 ars
1591 3015 1731 3103 colitur,
1767 3015 1827 3088 sed
1856 3040 1959 3114 quem
1983 3013 2194 3114 praeclarum

666 3131 819 3204 fructum
856 3131 946 3205 bona
981 3133 1188 3206 Nosocomia
1220 3134 1330 3207 ferent
1363 3136 1464 3232 pauci
1502 3135 1652 3234 cogitare
1682 3135 1851 3210 videntur.
1903 3137 1948 3210 Et
1970 3145 2085 3208 tamen
2112 3134 2195 3208 haee

670 3260 752 3324 sunt
784 3276 850 3324 non
879 3253 996 3326 minus
1021 3277 1125 3349 quam
1152 3253 1227 3340 illa,
1251 3279 1320 3328 non
1348 3255 1451 3328 minis
1475 3280 1578 3354 quam
1609 3255 1759 3330 salubria
1791 3257 1940 3354 corporis
1965 3255 2195 3350 nutrimenta,

666 3395 733 3445 non
760 3372 876 3445 minus
896 3397 1004 3476 quam
1031 3357 1360 3473 scholarum'spatia
1377 3375 1492 3474 ampla
1517 3384 1552 3448 et
1572 3375 1702 3449 salubri
1723 3384 1801 3450 aere
1823 3377 1983 3474 perflata,
2010 3375 2139 3474 quibus
2159 3374 2194 3446 in

667 3517 751 3566 sano
781 3516 920 3590 corpore
943 3517 1041 3566 mens
1062 3518 1144 3567 sena
1166 3495 1319 3590 pariatur
1343 3504 1377 3570 et
1400 3505 1495 3594 parte
1514 3505 1753 3583 conservetur,
1774 3495 1904 3594 quibus
1926 3496 2055 3596 populo
2076 3503 2192 3569 nostro

666 3610 772 3685 robur
799 3621 833 3684 et
858 3612 944 3686 vires
966 3611 1159 3701 addantur,
1184 3621 1223 3687 ut
1246 3614 1413 3688 maiorum
1441 3617 1584 3690 virtutes
1608 3624 1747 3690 strenue
1769 3616 1935 3690 aemulari
1957 3616 2077 3716 possit.

716 3732 859 3828 Itaque,
895 3731 923 3804 si
964 3757 1019 3806 me
1055 3733 1171 3830 opinio
1206 3757 1274 3808 non
1314 3733 1418 3822 fallit,
1455 3745 1530 3810 tum
1565 3737 1707 3810 demum
1740 3737 1827 3810 illud
1859 3737 2011 3826 malum,
2051 3737 2095 3810 de
2127 3759 2196 3834 quo

524 3913 526 3918 ,
669 3851 866 3950 querimur,
904 3849 1061 3941 tolletur,
1094 3878 1203 3951 quum
1242 3854 1424 3952 populares
1458 3855 1567 3928 nostri
1600 3856 1644 3929 de
1682 3881 1764 3930 cura
1796 3865 1832 3930 et
1865 3858 2000 3932 cultura
2029 3856 2138 3930 animi
2161 3861 2195 3928 et

671 3971 821 4070 corporis
842 3971 1083 4070 coniungenda
1107 3973 1275 4047 seniorem
1299 3974 1504 4048 sententiam
1529 3976 1755 4072 conceperint.
1799 3977 1863 4050 Est
1884 3986 2059 4076 praeterea
2080 3976 2194 4073 aliqua

670 4116 748 4189 spes
782 4092 869 4179 fore,
905 4100 945 4164 ut
975 4093 1143 4190 prodeant
1175 4094 1236 4166 viri
1261 4095 1403 4192 quidam
1428 4095 1569 4189 eximii,
1593 4097 1654 4194 qui
1679 4097 1805 4170 mentis
1826 4097 1940 4195 vigore
1961 4107 1997 4170 et
2018 4097 2139 4170 ardore
2159 4102 2195 4168 et

668 4211 841 4284 indelessa
873 4211 1045 4285 industria
1076 4219 1111 4285 et
1142 4224 1424 4312 argumentorum
1452 4216 1603 4314 pondere
1623 4217 1716 4290 illam
1739 4241 1876 4290 causam
1901 4217 1996 4315 apud
2022 4217 2111 4290 viros
2135 4239 2193 4314 po·

667 4331 880 4404 tentissimos
908 4331 1106 4420 obtineant,
1133 4357 1203 4430 quo
1229 4333 1319 4408 lacto
1343 4335 1479 4408 illorum
1506 4337 1745 4410 auctoritatem
1770 4335 1895 4435 vulgus
1921 4335 2099 4410 hominum
2126 4333 2196 4432 pri·

668 4475 765 4524 mum
790 4457 988 4524 secuturum
1016 4461 1088 4539 est,
1114 4453 1240 4526 deinde
1263 4453 1501 4552 probaturum.
1553 4457 1736 4533 Quantum
1760 4455 1966 4556 praestiterit
1984 4455 2199 4530 clarissimus

670 4571 839 4644 Schrdder
876 4595 938 4644 van
970 4571 1031 4644 der
1059 4570 1153 4644 Kolk
1186 4573 1231 4646 ed
1263 4573 1542 4672 prospiciendum
1579 4584 1614 4648 et
1649 4577 1898 4650 consulendum
1926 4585 2041 4652 mente
2065 4573 2200 4674 captis,

669 4698 839 4788 quantum
878 4690 1099 4764 doctissimus
1133 4691 1334 4766 Molewater
1358 4693 1393 4766 in
1423 4695 1630 4769 Nosocomio
1655 4695 1960 4784 Rotarodamensi,
1990 4693 2202 4794 quiaapud

668 4833 789 4884 omnes
818 4809 1028 4884 celebratum
1061 4820 1134 4899 est,
1170 4837 1238 4886 non
1269 4820 1321 4886 est
1348 4839 1368 4888 a
1395 4839 1450 4888 me
1475 4815 1764 4914 praedicandum,
1790 4816 1851 4890 sad
1876 4815 2014 4916 publice
2037 4837 2202 4890 reveren·
