4926 6178
462 1515 685 1574 tumrultus
707 1514 991 1586 HUMANISSIMI,
1012 1514 1331 1576 EXOPTATISSIMIl

308 1899 371 1970 Est
401 1897 464 1969 hoo
499 1896 685 1994 unicnique
718 1897 917 1995 disciplinae
947 1897 1122 1996 proprium
1159 1905 1198 1970 ut
1230 1897 1265 1970 iu
1292 1896 1546 1998 progrediendo
1570 1920 1639 1970 non
1667 1918 1778 1970 unum
1832 1907 1836 1914 ’

258 2041 392 2114 semper
425 2024 460 2088 et
491 2015 640 2088 eundem
677 2042 816 2090 cursum
846 2028 981 2104 teneat,
1017 2018 1078 2091 sed
1114 2017 1215 2090 modo
1250 2017 1286 2090 in
1321 2019 1408 2092 hanc
1434 2025 1585 2116 partem,
1612 2015 1774 2090 modain

252 2139 345 2212 illam
368 2147 501 2211 crecto
520 2137 642 2209 itinere
662 2137 831 2212 deflectat.
869 2137 987 2212 Habet
1009 2138 1075 2211 hoc
1099 2139 1238 2212 Medica
1258 2163 1398 2236 quoque
1422 2135 1623 2236 discipline,
1649 2143 1689 2208 ut
1701 2134 1776 2208 eiua

256 2259 421 2345 cultores,
446 2257 504 2330 alii
527 2258 594 2331 alia
615 2269 801 2355 systemata
821 2267 857 2331 et
876 2259 1023 2332 theorias
1043 2259 1170 2346 secuti,
1197 2259 1232 2332 iu
1254 2257 1387 2332 diverse
1410 2257 1644 2342 discederent,
1666 2255 1775 2332 donec

255 2379 396 2453 tandem
428 2378 641 2452 intellectum
676 2389 729 2452 est
759 2359 807 2452 sic
841 2380 983 2453 demum
1016 2380 1232 2478 disciplinam
1261 2387 1351 2452 recte
1384 2377 1566 2478 procedere
1593 2401 1712 2474 posse,
1744 2376 1775 2450 si
1823 2355 1835 2372 ’

254 2485 347 2572 coita
373 2507 408 2572 et
435 2499 611 2596 explorata
635 2499 833 2595 inquirendi
856 2499 1040 2572 methodus
1065 2501 1350 2587 constitueretur,
1377 2509 1412 2572 et
1437 2498 1545 2572 satius
1570 2522 1644 2570 esse
1667 2521 1776 2594 pauca

254 2629 347 2692 certo
374 2617 479 2705 seire,
504 2644 608 2716 quam
634 2630 762 2692 temere
787 2621 955 2718 plurima,
980 2645 1070 2716 quae
1095 2621 1224 2693 ineerta
1248 2629 1383 2706 essent,
1409 2617 1580 2714 amplecti.

305 2737 380 2812 Etsi
406 2763 524 2811 verum
547 2749 600 2812 est
620 2740 774 2836 proxime
799 2740 962 2812 memoria
983 2740 1111 2812 multos
1136 2741 1286 2814 medicos
1308 2741 1420 2824 illam,
1445 2761 1552 2834 quam
1574 2734 1674 2830 unice
1695 2758 1772 2832 pro·

254 2857 398 2943 bemus,
438 2859 524 2930 viam
556 2858 730 2954 ingressos
761 2884 855 2944 esse,
889 2869 925 2932 at
954 2884 1056 2932 nemo
1088 2869 1203 2932 tamen
1237 2859 1460 2943 infiticbitur,
1492 2881 1567 2930 esse
1599 2855 1683 2928 alios
1712 2853 1774 2951 qui

252 2977 340 3052 hauc
374 2977 464 3052 viem
496 2977 599 3050 nimis
628 2977 764 3074 longam
786 3002 862 3050 esse
886 2990 1094 3075 querentur,
1129 2987 1163 3052 et
1186 2979 1272 3054 adeo
1295 3002 1375 3052 oum
1399 3001 1486 3050 nova
1512 2974 1674 3048 methodo
1702 2973 1772 3048 bel·

253 3097 325 3170 lum
354 3105 476 3194 gerant
499 3097 740 3183 vociferantes,
774 3098 831 3170 illa
854 3099 908 3170 via
933 3111 1010 3196 post
1034 3100 1172 3173 'saecula
1195 3100 1336 3173 demum
1363 3098 1506 3196 quoire
1531 3095 1772 3170 contendimus

251 3217 419 3315 persecuti
449 3242 558 3314 posse
610 3218 648 3290 Si
679 3217 746 3290 illis
779 3218 972 3306 credimus,
997 3229 1132 3317 oportet
1157 3221 1363 3294 medicinam
1388 3218 1571 3316 practicam
1595 3241 1693 3290 suam
1719 3214 1770 3312 ip-

253 3335 394 3412 elusim
416 3336 527 3424 vium,
562 3362 674 3434 neque
698 3339 733 3411 iu
758 3363 799 3412 eo
825 3363 928 3413 cursu
955 3339 1116 3437 impediri
1138 3365 1159 3413 a
1181 3340 1374 3437 disciplinis
1400 3337 1597 3436 biologicis,
1624 3359 1772 3433 quarum

115 3463 122 3474 '
251 3457 390 3530 nomine
421 3457 589 3554 imprimis
625 3469 661 3531 ct
690 3459 877 3533 Anatomia
909 3469 944 3533 et
977 3461 1214 3558 Physiologia,
1249 3485 1354 3557 quarn
1389 3459 1457 3532 late
1490 3465 1604 3555 patet,
1640 3456 1771 3554 signifi·

252 3586 385 3652 eantur.
572 3637 575 3645 .

299 3697 516 3794 Exspectetis
538 3697 682 3772 tortosae
704 3725 725 3774 ι
747 3725 821 3788 me,
848 3711 888 3773 ut
912 3725 955 3775 ex
980 3701 1137 3775 hocloco
1162 3700 1312 3786 bellum,
1343 3697 1439 3796 quod
1463 3695 1553 3771 inter
1577 3695 1772 3794 Biologiem

252 3825 287 3890 et
318 3816 527 3890 Medicinam
560 3819 748 3893 Practioem
780 3821 905 3908 oritur,
937 3821 1107 3910 indicam,
1133 3831 1168 3894 et
1192 3845 1345 3920 pugnam
1372 3843 1569 3916 capessam,
1594 3825 1630 3890 et
1655 3816 1769 3890 crimi-

251 3936 408 4012 nationes
440 3961 460 4010 a
491 3939 653 4012 Pructicis
685 3941 719 4012 in
751 3943 971 4016 Anatomiam
1002 3953 1040 4016 et
1072 3942 1327 4040 Physiologiam
1360 3940 1530 4013 coniectas
1568 3945 1706 4010 strenue
1736 3949 1772 4010 et

251 4056 373 4130 ecriter
400 4048 560 4132 refutem.
612 4061 710 4134 Nihil
738 4061 861 4134 horum
892 4062 1025 4136 faciam.
1076 4063 1214 4136 Bellum
1240 4059 1383 4158 siquod
1405 4057 1596 4157 gerendum
1619 4067 1692 4142 est,
1720 4055 1773 4130 vel

251 4177 366 4274 potius
401 4179 430 4250 si
461 4179 613 4270 diversae
636 4182 826 4255 sententiae
852 4183 1048 4280 ponderatis
1070 4183 1299 4280 expensisque
1322 4178 1537 4278 argumentis
1563 4201 1771 4274 componen-

252 4295 315 4370 dae
345 4307 447 4384 sunt,
480 4323 549 4372 non
588 4301 708 4388 hodie,
746 4327 814 4374 non
851 4327 892 4375 ex
927 4304 990 4376 hoc
1020 4304 1111 4390 loco,
1148 4327 1216 4376 non
1248 4330 1268 4377 a
1303 4303 1447 4375 Rectore
1476 4299 1664 4398 Magnifice
1688 4305 1771 4372 sunt

250 4418 516 4514 componendae.
546 4461 549 4468 v
582 4423 687 4499 Quod
726 4447 845 4496 verum
881 4431 934 4496 est
971 4423 1178 4520 praevalebit
1216 4447 1284 4496 non
1320 4421 1457 4496 acribus
1490 4417 1769 4494 dissentientium
1850 4396 1860 4412 ’

249 4535 369 4610 litibus
401 4549 462 4612 aut
491 4540 721 4630 clamoribus,
757 4545 819 4616 aed
847 4546 933 4618 seria
963 4553 999 4616 et
1021 4543 1118 4640 gravi
1141 4543 1231 4616 inter
1259 4543 1385 4641 peritos
1411 4542 1534 4614 harum
1561 4563 1676 4612 rerum
1700 4537 1769 4610 dis·

248 4656 437 4752 putatione.
487 4659 608 4757 longa
640 4662 714 4736 dies
748 4675 783 4736 et
815 4689 899 4737 usus
932 4687 1066 4749 rerum,
1101 4663 1192 4736 salva
1221 4687 1264 4736 ea
1296 4660 1532 4735 benevolentia
1565 4685 1654 4758 quae
1679 4659 1769 4735 inter

248 4775 402 4850 eiusdem
428 4777 628 4876 disciplinae
651 4783 801 4857 cultores
826 4783 944 4856 multis
969 4782 1168 4855 nominibus
1196 4781 1385 4856 necessaria
1409 4790 1482 4868 est,
1509 4805 1598 4878 quae
1624 4779 1670 4853 sit
1692 4802 1769 4852 sen-
